3056 4976
712 455 750 470 ..
771 422 810 484 24
829 443 868 468 -.

286 560 495 632 sententiam
514 554 780 645 desideramus,'
795 556 1031 628 celeberrimo
1048 554 1303 651 Aristophanis

286 706 393 755 versu
413 682 515 780 (Ran.
548 680 657 778 i028)
681 708 690 751 ι
712 682 821 776 ἐχάρην
846 692 917 776 γοῦν
941 682 1034 758 ἡνίκα
1057 690 1134 770 κτλ,
1162 691 1199 753 et
1224 682 1305 754 vita

286 807 442 902 AEsehyli
463 807 578 899 qualis
593 817 648 877 est
666 806 702 875 in
721 804 807 876 M.S.
819 804 999 877 Oxoniens
1013 801 1137 899 (Dind.
1152 805 1196 874 111
1208 828 1247 898 p.
1262 807 1302 901 6,

286 937 344 1007 τὴν
362 932 428 1025 ὄψιν
443 943 504 1002 τῶν
523 936 674 1026 θεωμένων
693 926 867 1010 κατέπληξε
885 969 933 983 -
950 925 1103 1024 εἰδώλοις)
1122 930 1306 1003 evincitur

180 1146 189 1161 Ι
285 1066 427 1128 veteres
443 1056 629 1127 adnotasse
647 1065 682 1126 et
703 1075 808 1147 quam
829 1053 921 1124 ielioi
939 1053 1088 1124 audacia
1109 1056 1304 1149 AEsobylus

287 1180 423 1252 umbris
442 1179 649 1251 inducendis
664 1179 898 1273 spectantium
916 1180 1148 1250 commoverit
1167 1191 1203 1250 et
1219 1202 1306 1253 eon-

286 1306 609 1393 terrueritanimos,
628 1314 663 1374 et
680 1327 761 1396 quae
776 1303 880 1374 tuerit
893 1303 1038 1376 inomni
1054 1302 1174 1373 fabula
1191 1304 1304 1396 hujus

288 1431 509 1524 potissimum
518 1427 858 1522 soaenaeEadmiratio.
873 1426 1141 1499 vaticinationis
1157 1429 1305 1501 utilitati

287 1554 519 1627 satisfactum.

286 1732 289 1738 -
336 1677 438 1762 Quod
457 1679 487 1749 si
504 1678 547 1748 ad
568 1676 707 1769 ejusdem
722 1677 858 1746 indolem
878 1677 1077 1765 veniemus,
1092 1677 1306 1749 mirabimur

286 1804 437 1897 primum
454 1803 572 1874 omnia
589 1822 670 1893 quae
686 1801 781 1894 apud
801 1810 960 1894 posteros
978 1801 1078 1871 velut
1097 1802 1223 1872 talium
1245 1825 1304 1874 re-

285 1949 364 1997 rum
400 1932 613 1998 iustrumenta
653 1926 878 2019 proferuntur
916 1935 952 1995 et
985 1924 1189 2018 prodigium
1223 1928 1305 1998 veri

284 2053 433 2124 similius
463 2052 614 2140 faciunt,
644 2051 688 2122 ab
716 2050 775 2119 illa
806 2054 1002 2138 removeri;
1033 2052 1193 2142 reginam
1223 2063 1305 2124 tan-

285 2186 359 2247 tum
390 2175 533 2246 inferias
567 2174 698 2267 quibus
728 2173 889 2264 conjugis
920 2194 1041 2244 manes
1075 2174 1206 2246 eiicere
1232 2189 1307 2247 stu·

282 2299 363 2394 det,
396 2298 516 2369 verbis
546 2298 741 2368 admodum
771 2297 919 2389 poeticis
950 2296 1031 2388 (bii
1068 2297 1120 2394 s.)
1149 2321 1306 2374 enume—

282 2444 381 2514 rare3
412 2427 585 2516 jussuque
618 2422 712 2493 illius
739 2421 887 2494 chorum
916 2431 952 2493 et
983 2433 1089 2494 cantu
1121 2435 1159 2496 et
1198 2435 1307 2505 terrae

282 2551 410 2644 plausu
433 2550 594 2620 umbram
622 2569 762 2620 vocare.
793 2547 888 2618 Nihil
910 2549 1075 2640 amplius.
1106 2550 1159 2622 Ne
1183 2555 1302 2627 noetis

275 2675 427 2769 'quidem
454 2675 572 2768 speeie
590 2683 653 2744 aut
671 2673 881 2766 orepusculo
906 2673 1061 2765 quodam
1086 2676 1215 2748 umbra
1238 2679 1304 2750 ad·

279 2800 425 2893 juvatur
440 2824 449 2890 ;
463 2798 499 2869 in
513 2799 627 2870 lucem
639 2798 731 2869 inter
741 2797 864 2868 Persas
882 2798 1041 2890 procedit
1051 2799 1128 2871 sola
1141 2822 1181 2872 se
1192 2802 1299 2878 ireta.

282 2925 353 2997 Sed
367 2947 438 2996 non
453 2943 560 2996 eausa
573 2923 624 2994 rei
643 2922 706 2995 diu
724 2931 896 2993 attentum
909 2922 1026 3012 fallet;
1041 2947 1160 3018 neque
1177 2928 1302 3001 audax

282 3049 356 3137 illa,
377 3058 417 3119 ut
437 3047 693 3120 recentioribus
717 3046 925 3140 videbatur,
948 3047 1164 3140 negligentia
1194 3074 1302 3125 excu-

281 3174 477 3245 sationibus
504 3173 630 3264 egebat
649 3168 706 3268 (i)
722 3192 803 3265 quae
827 3192 849 3242 a
873 3172 1035 3264 pluribus
1060 3185 1145 3244 sunt
1166 3198 1299 3270 propo-

279 3299 371 3370 sitae.
398 3298 533 3370 Etenim
560 3297 696 3369 nullum
725 3296 866 3391 propria
897 3305 973 3367 arte
1001 3319 1090 3390 opus
1117 3300 1204 3388 fuit,
1234 3303 1299 3373 nbi

280 3425 364 3495 nibil
386 3426 505 3494 mirum
531 3424 617 3516 ipsis
645 3422 832 3515 agentibus
863 3419 940 3491 fieri
972 3421 1188 3511 videbatur3
1218 3426 1300 3499 sive

279 3548 347 3620 alia
376 3569 503 3634 eausa,
538 3547 616 3619 sive
634 3547 778 3633 {morem
813 3544 1183 3640 consuetudinemque
1209 3572 1298 3642 gen·

278 3673 325 3744 tis
346 3672 404 3744 hio
433 3672 638 3743 retinerent.
667 3669 782 3754 Quum
804 3669 930 3740 Darius
955 3691 976 3740 e
1001 3669 1164 3765 sepulcro
1198 3695 1299 3766 egre·

279 3796 397 3886 ditur,
431 3794 560 3868 chorus
593 3805 628 3867 et
661 3795 816 3887 antiquae
848 3794 1094 3867 venerationis
1122 3801 1298 3871 memoria

318 4052 352 4121 ti)
373 4049 473 4118 Patin,
489 4042 594 4118 Leti.
