3094 4970
778 475 936 537 ...52-

351 615 399 686 443
419 636 546 708 pompa
565 636 606 684 33
627 612 748 684 laetitia
768 622 899 682 tantam
919 611 987 682 sibi
1009 612 1244 705 praestruebat
1262 611 1362 683 33444-

350 740 563 828 citudinem3
586 740 632 809 de
651 738 727 831 ipso
744 738 864 809 dicere
880 748 934 808 est
953 736 1049 829 quod
1068 735 1224 829 jactabat
1244 764 1252 806 :
1270 738 1360 806 πάθει

353 865 456 960 μάθος.
477 864 550 934 Etsi
569 864 718 956 virginis
739 865 925 934 miseretur
951 861 1089 956 (4969),
1115 862 1291 932 divinanti
1318 883 1360 932 33

351 1011 432 1082 quae
457 1012 570 1082 nuper
588 1010 628 1059 se
651 990 862 1081 torquebant
887 985 1018 1085 (4247)
1035 987 1182 1059 credere
1200 998 1360 1073 recusat,

351 1114 451 1207 quasi
472 1113 553 1184 43143
577 1113 692 1185 3443443
719 1135 781 1184 343
805 1114 900 1186 edita
927 1113 1014 1184 falsa
1033 1113 1123 1183 43343
1145 1113 1229 1184 3434.
1248 1112 1362 1204 Negat

352 1238 463 1309 ullum
491 1238 558 1310 sibi
594 1239 734 1310 vatibus
763 1260 852 1331 opus
882 1259 961 1310 esso
988 1237 1128 1329 (4099,
1161 1237 1208 1307 34.
1235 1236 1360 1329 443443.

351 1370 515 1454 Phoenic,
543 1365 649 1463 924),
671 1367 800 1460 quibus
822 1376 952 1460 praeter
970 1366 1061 1436 mala
1084 1365 1173 1436 nihil
1192 1387 1288 1437 curae
1307 1374 1364 1436 334

352 1494 384 1590 (4
395 1493 494 1592 434).
506 1495 595 1564 Dum
606 1494 717 1588 lyrico
733 1504 838 1565 cantu
854 1515 911 1565 res
926 1492 1010 1585 legit
1027 1493 1263 1587 potiusquam
1282 1493 1364 1562 des·

352 1620 454 1690 344344
471 1618 680 1713 Cassandra,
702 1617 828 1690 diffidit
850 1618 927 1708 ille3
949 1640 995 1689 ne
1014 1639 1124 1711 quum
1140 1616 1255 1688 credit
1278 1616 1364 1708 qui·

352 1744 452 1833 dem,
474 1744 619 1815 credere
641 1743 718 1814 vult
742 1738 892 1838 (4435),
912 1740 976 1813 sed
1007 1742 1102 1812 illam
1129 1741 1364 1811 4344343443·

352 1877 505 1940 mentem
521 1867 708 1939 4433344443
724 1888 850 1938 canere
861 1863 895 1961 (4
906 1866 919 1935 4
930 1863 1005 1961 tt).
1020 1864 1086 1936 Ubi
1103 1886 1191 1937 vero
1209 1864 1363 1936 iambica

352 1994 511 2066 oratione
532 1993 597 2063 tria
616 1993 675 2062 illa
695 1999 902 2083 argumenta
918 2000 1020 2062 vates
1036 1990 1138 2082 quasi
1156 1989 1303 2083 retegit,
1325 1999 1364 2060 et

352 2118 495 2190 remotis
518 2118 705 2188 verborum
722 2114 931 2208 ambagibus
951 2123 987 2185 34
1004 2114 1210 2201 involucris,
1231 2112 1363 2206 quibus

352 2244 452 2336 quasi
482 2263 612 2334 sponsa
639 2241 840 2313 velamento
867 2262 923 2312 res
957 2241 1053 2334 prius
1079 2238 1360 2328 obtendebatur,

352 2369 506 2461 denique
525 2379 598 2439 tota
624 2377 786 2461 3333434,
808 2376 927 2460 stupet
950 2366 1079 2437 chorus
1102 2366 1275 2458 virginem
1296 2362 1360 2434 fla-

352 2492 437 2585 gitia
451 2492 687 2564 occultissima
703 2491 828 2563 domus
847 2492 937 2562 seire
951 2490 1126 2585 hospitem
1137 2487 1281 2586 (4299),
1296 2511 1362 2560 4433

349 2620 421 2710 jam
447 2628 563 2713 potest
586 2640 656 2690 non
682 2618 727 2688 ab
755 2614 970 2689 inflammato
997 2627 1177 2689 34343433
1204 2616 1363 2710 pendere

351 2752 387 2816 34
413 2742 505 2814 dicta
534 2743 652 2814 omnia
674 2742 859 2836 excipere,
880 2741 1041 2831 haurire,
1063 2741 1223 2812 horrere.
1244 2739 1358 2823 Quam

352 2879 486 2939 mutato
498 2867 700 2939 animoetei
713 2866 827 2936 credit
838 2877 872 2937 et
887 2867 955 2937 sibi
972 2867 1070 2937 timet
1082 2864 1115 2962 (4
1127 2863 1210 2956 424,
1228 2861 1358 2959 4462)4

353 2992 396 3064 444
424 3001 524 3065 vates
547 3013 568 3063 3
597 2993 683 3080 deo,
711 2992 762 3062 sic
787 2991 916 3064 chorus
941 3015 961 3063 3
990 3003 1072 3064 vate
1091 2993 1228 3086 capitur
1251 2988 1362 3085 (4243

353 3119 412 3206 3.),
437 3118 583 3207 regitur,
611 3116 770 3209 quolibet
796 3117 966 3206 vertitur3
995 3138 1061 3187 4433
1081 3119 1155 3209 Jam
1177 3112 1240 3209 (34.
1271 3111 1361 3207 252)

352 3260 423 3327 433,
447 3241 548 3333 434334
572 3261 668 3311 verae
688 3241 876 3330 adessent,
899 3240 1075 3335 praequeri
1094 3239 1241 3328 abnuit3
1264 3239 1360 3308 illam

353 3364 485 3436 solatur
506 3361 634 3462 (4392)
646 3366 790 3458 jamque
810 3365 907 3459 luget
925 3366 1155 3438 morituram·

401 3488 666 3561 vaticinationis
687 3489 848 3561 ordinem
882 3501 918 3560 et
945 3478 1062 3584 partes
1086 3489 1262 3578 vidimus3
1285 3490 1359 3580 jam

354 3634 465 3707 pauca
483 3613 647 3684 addenda
665 3615 710 3684 de
727 3613 821 3684 illius
837 3614 943 3686 laude
959 3635 1000 3686 33
1017 3635 1149 3706 genere
1168 3625 1204 3686 et
1220 3612 1361 3684 4434133-

353 3738 493 3810 sandrae
510 3740 642 3811 indole.

402 3862 441 3932 ln
457 3883 498 3933 ea
507 3875 605 3956 33443
619 3865 784 3935 undando
800 3886 881 3936 oum
899 3865 1133 3938 recentiorum
1144 3862 1281 3957 judicio
1298 3886 1363 3935 ve·

354 3996 481 4058 terum>
502 3989 670 4060 memoria
707 3990 795 4061 mire
827 3990 1014 4063 consentit.
1052 3989 1363 4074 Quemadmodum

355 4134 431 4185 eam
450 4135 469 4183 e
490 4114 803 4206 pulcherrimarum
824 4138 941 4189 rerum
962 4136 1110 4190 numero
1128 4115 1229 4189 velut
1248 4137 1364 4210 praes-
