3094 4970
643 489 802 551 ...55-

213 626 295 698 illos
321 646 411 719 qnos
437 603 596 695 seorsum
626 626 784 697 nominat
801 626 1009 718 Pausanias,
1032 629 1070 718 l,
1094 628 1160 721 31,
1187 631 1224 705 l.

211 752 435 849 χρησμολόγων
455 755 541 829 ὅσους
562 745 594 830 ἐξ
615 744 807 830 Ἀπόλλωνος
827 762 957 844 μανῆναι
973 756 1109 848 λέγουσι,
1130 756 1228 826 Vidi-

215 898 293 947 mus
310 876 346 946 in
356 873 514 968 Odyssea
526 873 631 968 paulo
641 875 853 947 concitatius
867 875 1082 968 praedicendi
1095 901 1225 971 genus;

215 1013 331 1073 tamen
369 1020 541 1093 nusquam
577 1009 681 1070 antea
715 999 909 1072 delirantes
945 1001 1226 1096 inddcdtantur3

212 1127 340 1198 Darius
364 1125 482 1220 specie
506 1125 650 1219 quidem
672 1134 711 1195 ut
739 1126 927 1197 defunctus
947 1127 1052 1201 beros
1077 1113 1116 1200 in*
1139 1130 1229 1202 obli-

215 1253 357 1323 vionem
376 1250 592 1345 quamdam,
613 1249 745 1320 nullam
764 1272 851 1323 vero
871 1252 907 1320 in
927 1255 1229 1346 perturbationem

213 1377 323 1448 animi
347 1376 489 1447 incidit.
511 1374 587 1458 Qua
606 1375 834 1471 Prometheus
855 1377 960 1448 etiam
983 1389 1020 1448 ut
1041 1380 1130 1452 deus
1153 1401 1228 1453 om·

215 1503 300 1574 nino
323 1515 438 1590 caret,
461 1523 525 1571 nec
545 1501 662 1570 lutura
686 1500 756 1572 alio
775 1522 884 1572 sensu
903 1523 1021 1595 ·quam
1051 1506 1229 1597 praeterita

214 1627 392 1718 intelligit.
419 1625 545 1718 Incipit
569 1624 626 1695 hic
650 1625 836 1696 divinandi
862 1628 988 1698 modus
1018 1630 1079 1721 qui
1103 1631 1148 1700 ab
1176 1631 1230 1700 in·

212 1752 310 1845 genti
327 1750 418 1822 vatis
436 1749 559 1821 dolore
571 1770 643 1820 non
658 1750 797 1842 sejungi
813 1772 918 1844 posse
934 1751 1089 1824 videtur.
1102 1754 1227 1843 Deum,

216 1888 255 1948 ut
293 1877 470 1964 diximus,
493 1875 647 1948 ‘mortali
681 1876 800 1947 animo
836 1878 952 1948 cernis
987 1878 1227 1955 incubantem.

211 2002 325 2087 Quam
346 2001 527 2096 pulchram
547 1999 745 2072 mercedem
760 2002 805 2071 ab
817 1998 981 2095 Apolline
1000 2002 1059 2074 illa
1072 2005 1226 2098 accepit!

217 2128 263 2198 de
281 2149 351 2221 qua
372 2128 523 2198 libenter
543 2125 640 2196 dicas
664 2126 760 2218 quod
780 2125 825 2196 de
847 2125 989 2196 Inachia
1010 2128 1127 2220 puella
1146 2128 1229 2201 Pro-

212 2251 373 2322 melheus
388 2250 493 2346 (739)
509 2275 517 2320 :
534 2240 642 2344 πικροῦ
654 2245 862 2346 δ’ἕκορσας,·ὦ
873 2253 961 2345 κόρη,
974 2262 1036 2321 τῶν
1053 2263 1110 2322 σῶν
1123 2255 1229 2349 γάμων

214 2387 394 2473 μνηστῆρος.
421 2375 492 2446 Nec
525 2373 726 2444 mirandum
758 2372 849 2443 hanc
883 2373 1028 2445 honoris
1052 2376 1229 2469 speciem,

212 2502 290 2572 veri
319 2499 451 2571 doloris
477 2519 643 2585 causam,
672 2497 730 2568 vel
760 2497 796 2566 in
826 2519 931 2568 serva
958 2498 1014 2594 (l)
1043 2501 1228 2573 mansisse.

212 2627 519 2698 Furortamenaut
529 2632 656 2696 aestuat
666 2632 728 2694 aut
743 2634 858 2695 cessat
873 2624 1066 2713 interdum,
1078 2647 1142 2697 nee
1154 2627 1231 2698 eina

214 2762 290 2823 arte
308 2751 505 2844 descriptus
524 2758 595 2838 est;
617 2748 682 2820 sed
701 2758 805 2843 poeta
824 2748 860 2818 in
879 2748 956 2842 ipsa
975 2748 1138 2821 libertate
1155 2771 1230 2821 car·
1264 2838 1272 2859 ,

214 2877 320 2947 minis
346 2887 462 2948 certos
490 2876 615 2947 modos
645 2874 724 2946 sibi·
749 2875 987 2968 praescripsit,
1016 2875 1229 2947 dementiam

215 3003 351 3073 ratione
366 3023 407 3072 ac
422 3000 595 3094 sapientia
614 2999 781 3090 munivit,
797 3000 928 3071 rabiem
946 3001 1059 3071 teneri
1074 3001 1232 3095 corporis

216 3128 328 3201 forma
351 3127 487 3216 induit,
512 3126 679 3196 minantis
705 3125 1006 3219 terroremipsius
1037 3126 1232 3198 miserabili

213 3273 300 3323 oasa
321 3251 503 3340 demulsit,
525 3251 672 3323 deorum
691 3250 948 3322 incusationem
969 3250 1082 3322 divini
1100 3252 1231 3325 amoris

216 3377 386 3449 memoria
410 3375 618 3464 excusavit,
641 3374 794 3468 denique
813 3375 861 3446 ita
881 3374 999 3445 omnia
1021 3376 1232 3470 temperavit

217 3511 257 3574 ut
274 3502 416 3597 proprio
436 3501 590 3595 quodam
612 3500 755 3592 ingenio
779 3500 814 3571 in
835 3499 1052 3573 inveniendo
1076 3502 1230 3595 primum

255 3757 292 3828 (l)
314 3755 424 3812 Notata
447 3755 534 3828 digna
554 3755 635 3810 chori
660 3755 848 3821 exclamatio,
865 3754 945 3811 1081.
968 3753 1051 3810 dont.
1066 3754 1184 3828 Odyss,
1205 3782 1230 3831 p.

216 3854 270 3911 322
282 3878 288 3919 ;
300 3854 461 3926 Platonem,
472 3851 604 3924 Lep.‚VI‚
612 3853 664 3910 777
675 3877 681 3919 ;
694 3858 723 3908 et
730 3854 759 3908 in
768 3854 875 3909 veteris
883 3854 1050 3909 testamenti
1063 3854 1232 3927 prophetam

214 3953 302 4020 «luel,
323 3952 365 4020 11,
389 3953 435 4010 aa.
454 3951 489 4008 V.
510 3955 595 4010 Ranae
611 3950 762 4023 potitique,
779 3951 795 4006 7
810 3955 868 4008 oct.
885 3950 969 4023 1876,
985 3969 1015 4024 p.
1031 3951 1093 4010 348.
1108 3951 1232 4010 Notatur

215 4053 289 4127 qnid
308 4054 337 4108 in
354 4052 486 4109 Ecclesia
499 4053 569 4108 olim
584 4051 619 4108 de
634 4068 664 4107 re
680 4051 897 4117 institueretur,
913 4052 995 4118 ibid..
1015 4051 1050 4109 22
1068 4052 1231 4125 septembre

217 4152 306 4217 1876,
322 4170 350 4223 p.
366 4151 431 4209 att.
