3094 4970
692 476 850 541 ..63-

265 620 316 692 (ll.
338 640 419 713 quae
438 619 483 689 de
502 617 603 688 istius
623 615 717 687 modi
736 615 822 687 locis
841 614 1026 689 adnotavit
1039 617 1102 689 Th.
1122 618 1164 689 Η.
1182 618 1284 689 Mar--

266 751 316 823 tin
344 746 582 835 Prometheae,
605 769 640 840 p.
668 744 715 817 23
742 755 776 816 et
806 741 882 841 al).
908 745 1066 840 Denique
1096 749 1133 820 di
1167 749 1276 842 aliqui

266 875 483 946 inducuntur
502 873 592 941 inter
607 869 783 963 Euripidis
804 870 890 942 deos
910 892 956 942 ex
975 873 1136 944 machina
1155 887 1190 945 et
1207 875 1275 946 Ho-

267 998 430 1070 mericam
448 995 652 1088 religionem
678 993 799 1082 medii,
815 995 879 1066 sed
902 995 1056 1068 Homero
1073 1002 1271 1092 propiores,

267 1124 303 1194 in
332 1122 524 1193 Philocteta
551 1119 741 1206 Hercules,
771 1117 930 1191 Minerva
963 1121 999 1190 in
1035 1120 1155 1214 Ajace.
1182 1122 1286 1207 Quos

267 1248 409 1342 quidem
434 1245 529 1316 elicit
553 1241 702 1338 Olympo
729 1264 798 1315 nou
825 1246 920 1338 quod
952 1247 1114 1318 malimus
1148 1269 1274 1341 magna
1307 1234 1317 1252 ’

266 1393 383 1442 rerum
408 1369 641 1439 humanarum
661 1355 862 1457 contentio,
886 1391 955 1441 non
976 1372 1071 1465 quod
1096 1372 1188 1444 solet
1206 1374 1276 1445 Eu·
1334 1426 1341 1441 .

268 1498 399 1593 ripides
422 1495 556 1566 humile
576 1494 754 1588 quoddam
775 1493 951 1581 ollicinm,
971 1496 1035 1567 sed
1054 1498 1129 1569 sola
1150 1520 1275 1569 verum

268 1624 451 1695 manifesta
480 1620 669 1693 necessitas
696 1633 733 1693 ut
760 1621 806 1692 sit
831 1622 913 1693 huic
939 1623 1068 1695 fabulae
1092 1622 1195 1711 finis,
1224 1626 1276 1695 illi

268 1748 468 1822 exordium.
480 1745 558 1817 Alia
568 1747 641 1839 jam
655 1746 893 1841 sophistarum
905 1747 1123 1820 dialecticam
1136 1762 1275 1821 sonant.

267 1875 413 1946 Miratur
427 1874 555 1944 chorus
568 1872 719 1964 jussisse
732 1872 904 1945 Phoebum
921 1884 958 1945 nt
972 1876 1018 1946 de
1034 1877 1107 1946 Laii
1123 1877 1285 1949 occisore

268 2010 487 2094 quaereretur
527 2021 632 2093 quem
670 1998 746 2092 ipse
784 2000 968 2072 nominare
1011 2014 1131 2095 posset
1166 2000 1276 2098 (oud.

267 2127 328 2213 a,
347 2123 454 2217 279);
466 2122 553 2195 Creo
569 2133 687 2194 antem
703 2133 807 2216 negat
823 2123 877 2195 dis
893 2146 988 2196 curae
1000 2148 1077 2197 esse
1092 2126 1149 2198 vel
1166 2106 1285 2199 rebel-1

268 2249 399 2320 lantem
418 2248 571 2344 puellam
590 2249 648 2320 vel
669 2270 796 2343 corpus
816 2248 927 2321 hostis
951 2251 1136 2344 parricidae
1155 2251 1282 2343 (Aah,

269 2371 341 2446 282
360 2371 428 2469 a),
451 2395 584 2467 eosque
604 2373 763 2445 defendit
786 2394 805 2443 a
824 2374 1017 2467 pollutione
1037 2397 1117 2468 quae
1138 2375 1280 2448 timetur

269 2497 453 2589 atquesibi
465 2496 658 2583 incusatur,
673 2497 818 2567 omnino
836 2505 928 2568 tntos
940 2495 1141 2592 esselnnt„
1155 2494 1276 2589 loll).

269 2626 391 2719 Neque
421 2626 611 2718 impietatis
634 2625 766 2695 crimen
789 2646 894 2696 omne
921 2627 1099 2718 absterget
1122 2626 1279 2699 Creontis

257 2772 387 2843 poena.
410 2750 495 2821 Nam
516 2751 621 2821 etiam
642 2749 677 2818 in
693 2749 849 2821 Voltario
865 2739 983 2844 spe'cie
1001 2751 1195 2844 puniuntur
1215 2752 1279 2821 ali-

270 2887 356 2970 quot
371 2897 552 2969 personae3
575 2896 613 2945 re
629 2897 750 2946 eorum
769 2876 879 2945 verba
894 2896 1016 2947 omnes
1033 2876 1188 2949 maximo
1207 2876 1283 2946 cla·

270 3021 368 3072 more
385 3000 597 3084 audiebant,
620 2999 846 3085 ediscebant,
867 2999 1086 3071 dictitabant.

318 3127 387 3197 lsta
407 3137 523 3197 tamen
542 3126 668 3197 ceteris
685 3136 768 3196 sunt
781 3124 959 3219 pauciora.
972 3127 1063 3197 Deos
1081 3149 1197 3221 neque
1215 3150 1284 3199 en·

270 3272 393 3323 cusare
417 3252 506 3323 solet
530 3272 647 3344 neque
667 3272 817 3342 arguere
847 3250 1060 3344 Sophocles,
1088 3254 1153 3325 sed
1177 3254 1276 3343 colit,

270 3379 322 3445 καὶ
355 3377 411 3472 γὰρ
448 3375 490 3456 εἲς
520 3377 555 3453 ἦν
592 3387 653 3446 τῶν
687 3373 931 3446 θεοσεὸεστάτων
969 3375 1110 3473 (Schol.
1150 3381 1277 3469 Laur„

269 3501 390 3588 Eleon,
401 3501 501 3596 83⁴).
515 3501 639 3571 Nativa
656 3503 732 3592 ejus
748 3501 873 3571 lenitas
890 3523 1031 3574 omnem
1049 3504 1276 3597 asperitatem

270 3646 310 3695 ac
334 3626 487 3697 maxime
514 3625 724 3695 criminandi
752 3627 979 3698 acerbitatem
1001 3602 1277 3717 reformidabat3

269 3751 354 3821 vitae
384 3751 567 3844 aequalitas
607 3772 648 3822 ao
685 3751 796 3822 veluti
833 3752 1050 3824 concinnitas
1084 3752 1130 3824 ad
1167 3762 1278 3823 artem

271 3876 560 3964 transferebatur,
583 3888 618 3946 et
637 3875 770 3968 ingenii
788 3877 889 3970 quies
913 3898 955 3948 ac
978 3876 1105 3948 mentis
1131 3878 1285 3949 felicitas«

269 4001 364 4072 utin
382 4002 483 4092 alias,
502 4002 553 4074 sic
572 4002 608 4073 in
627 4002 717 4074 hano
739 4003 857 4097 operis
873 4013 1006 4097 partem
1032 4004 1128 4096 large
1148 4003 1277 4087 redun·
1341 4040 1343 4045 >

270 4125 381 4199 davit.
404 4127 502 4198 Cavit
528 4128 587 4199 ille
618 4150 663 4201 ne
688 4128 725 4200 in
750 4149 913 4222 campum
942 4129 1085 4223 plenum
1108 4128 1282 4225 periculis·
