3094 4970
526 1406 533 1417 '
635 1401 772 1478 CAPUT
794 1401 1035 1476 SECUNDUM.

733 1727 937 1787 scoacum.

793 2011 819 2105 S
846 2012 881 2082 l.

464 2259 551 2349 Quid
565 2261 606 2333 de
622 2260 1014 2354 dissectione-Sophocles
1030 2260 1216 2354 proculcet.

381 2512 418 2584 Si
434 2510 514 2606 quis
530 2511 577 2582 uh
595 2509 761 2605 AEsmylo
773 2510 891 2581 sualim
914 2510 1080 2585 transibit
1101 2508 1148 2580 ad
1165 2507 1361 2603 Sophoclis

336 2637 487 2727 fabulas,
512 2657 686 2729 nusquam
703 2657 784 2706 eum
816 2635 927 2727 lugiet
954 2634 1013 2706 vel
1038 2656 1085 2706 ex
1105 2634 1221 2729 primo
1241 2635 1361 2706 lerme

322 2784 446 2837 uersu
465 2781 486 2832 u
505 2760 698 2853 grandibus
723 2759 885 2852 personis
904 2768 940 2830 et
959 2758 1103 2830 sublimi
1130 2758 1360 2831 oratioueud

336 2885 511 2981 quietiora
527 2883 668 2976 ingenia
684 2893 720 2953 et
737 2882 922 2953 remissum
939 2883 1227 2976 elegantiusque
1241 2904 1362 2974 genus

336 3009 574 3082 descendisse.
593 3008 726 3101 Ecquid
745 3029 833 3080 vero
855 3010 892 3078 iu
912 3009 1174 3085 recentioresil
1192 3008 1364 3087 immuta·

338 3147 426 3226 tum,
441 3137 561 3231 quoad
580 3137 625 3207 od
640 3139 829 3229 relipiouem
846 3159 886 3208 uc
901 3140 1083 3230 populures
1102 3138 1178 3208 deos
1191 3143 1360 3232 pertinet,

340 3262 493 3336 dubitari
505 3262 607 3334 solet.
621 3261 831 3354 Plerumque
844 3283 916 3333 uno
922 3262 1061 3353 judicio
1071 3263 1149 3354 conj
1154 3272 1261 3334 uncta
1272 3262 1365 3334 alfe·

340 3397 465 3460 ruulur
479 3386 663 3480 utriusque
676 3386 817 3458 uomina
832 3385 905 3482 (l);
923 3387 1058 3458 scilicet
1073 3408 1136 3481 par
1150 3387 1240 3457 illud
1253 3408 1361 3479 egre-

341 3513 438 3607 gium
454 3521 636 3606 poetarum
652 3520 688 3581 et
703 3512 860 3583 caruisse
879 3511 999 3605 specie
1010 3534 1059 3583 uc
1078 3512 1136 3584 vel
1151 3512 1363 3606 suspicione
1483 3580 1488 3589 .

342 3638 427 3709 belli
442 3638 488 3709 ab
504 3636 671 3730 Euripide
686 3637 859 3709 advorsus
873 3637 974 3729 vulgi
991 3638 1264 3732 superstitiones
1278 3661 1365 3710 sus·
1483 3630 1489 3697 ἶ

339 3760 452 3855 cepti,
487 3770 523 3833 ot
551 3770 645 3833 sture
673 3760 768 3853 opud
797 3759 1071 3865 Aristophaqem
1101 3760 1232 3858 (Rau,
1269 3762 1366 3862 790)

380 4044 419 4115 (l)
446 4041 492 4099 De
513 4043 620 4116 pietate
641 4041 794 4116 Sophoclis
815 4044 880 4100 vide
901 4043 978 4103 Phil.
1001 4045 1125 4120 Ditges‚
1148 4049 1185 4103 De
1205 4048 1301 4117 sati...
1328 4050 1367 4115 l,

338 4158 489 4215 quemque
503 4140 600 4197 laudet
613 4139 774 4208 iussaene,
792 4141 890 4209 uuest.
904 4142 996 4215 Soplu,
1012 4161 1042 4218 p.
1059 4145 1122 4203 351.
