3094 4970
674 535 852 596 -101-

262 676 378 771 pergit
396 695 475 744 cum
503 671 746 742 divinantibus
767 692 942 766 pugnare,
965 694 1114 765 quorum
1141 673 1278 767 princi-¹

262 823 341 895 pem
362 797 465 870 finxit
482 797 652 885 docilem,
671 796 832 867 timidum
852 797 979 883 animi,
1000 799 1144 870 minime
1166 819 1269 870 cons·

263 936 394 996 tantem
411 924 498 1009 sibi,
521 923 556 992 in
578 943 705 1015 magna
728 943 767 994 re
788 932 949 1011 tenuem,
971 923 1115 1016 spiritus
1134 923 1276 1020 omnis,

263 1071 464 1145 quanquam
488 1047 650 1118 bacchari
678 1047 799 1140 cupit,
827 1058 1030 1142 expertem3
1055 1049 1269 1120 baccharum

263 1186 360 1246 certe
385 1174 572 1243 mulierum
600 1156 708 1244 choro
732 1172 876 1244 omnino
896 1172 1122 1258 inferiorem,
1145 1174 1181 1244 in
1203 1197 1281 1268 quo·

264 1319 371 1369 verus
388 1308 442 1367 est
461 1298 558 1368 furor
579 1305 614 1365 et
631 1295 746 1367 omnis
766 1295 906 1387 generis
927 1296 1108 1366 miracula.

312 1423 355 1493 Ut
374 1424 411 1492 in
437 1421 633 1516 AEschylo,
647 1421 705 1492 hic
730 1421 834 1492 etiam
866 1422 1049 1492 cananum
1074 1444 1155 1515 quae
1179 1423 1270 1494 mala

264 1549 331 1620 sibi
350 1548 597 1642 impendeant,
620 1547 836 1641 pronuntiat.
859 1547 1015 1619 indolem
1038 1569 1126 1620 vero
1146 1549 1281 1641 puellae

264 1673 450 1766 Euripides
478 1694 574 1743 more
594 1693 660 1743 suo
685 1671 902 1759 immutavit,
925 1694 1005 1764 quae
1026 1695 1095 1744 non
1121 1674 1190 1743 iata
1209 1696 1277 1744 sua

266 1799 375 1886 dolet,
396 1818 462 1868 nec
480 1797 630 1891 patriam
650 1796 920 1890 libertatemque
935 1798 1066 1889 eleget,
1085 1798 1148 1868 sed
1165 1820 1273 1891 quum

265 1920 521 2014 Agamemnoni
537 1922 681 2012 jamJ'am
699 1920 869 1992 tradenda
890 1930 962 2009 est,
982 1922 1074 1993 inter
1093 1935 1282 2015 gementes·

266 2049 410 2118 Troados
430 2047 510 2118 laeta
531 2047 684 2140 erumpit
700 2057 735 2117 et
754 2047 862 2117 effera
882 2047 1142 2133 exsultatione,
1165 2048 1283 2119 felicis

265 2173 374 2244 cladis
398 2169 661 2264 quodammodo
689 2172 889 2254 taenaron,
919 2170 1142 2265 hymenaeum
1171 2194 1274 2242 suum

266 2297 432 2367 celebrat.
460 2295 625 2366 -iilius
653 2294 796 2387 quidem
823 2294 936 2366 oratio
962 2291 1029 2390 (sic
1059 2317 1136 2366 eam
1165 2296 1284 2388 magis-

266 2444 371 2515 quam
389 2441 510 2492 veram
521 2419 807 2491 vaticinationem
827 2417 1016 2514 dicemus),
1033 2431 1149 2514 partes
1170 2419 1277 2492 habet

172 2520 177 2527 ⁴
225 2562 229 2568 ·
266 2567 348 2638 quae
364 2566 435 2617 non
455 2544 850 2638 omnibnsplacerenon
864 2554 1025 2636 possunt,
1039 2545 1180 2616 Hecatae
1198 2534 1278 2637 post

264 2672 490 2767 hymenaeum
502 2671 596 2741 illam
607 2667 1281 2766 invocationem(Troad.,323,cillb),

263 2818 462 2890 versusque
483 2796 613 2888 quibus
631 2796 689 2866 vel
716 2796 846 2866 nudam
868 2816 907 2865 se
928 2795 1116 2887 projectam
1137 2796 1183 2865 ad
1205 2806 1276 2867 tor-

264 2921 376 2991 rentis
394 2920 505 3014 ripam
526 2919 638 3008 videt,
658 2919 714 2990 vel
739 2919 812 3009 Jam
832 2918 1074 3010 relinquendae
1093 2918 1218 3011 patriae
1238 2929 1274 2990 et

264 3044 417 3116 mortuis
437 3044 527 3138 patri
548 3054 584 3114 et
602 3044 768 3115 iratribus
784 3044 954 3115 valedicit
969 3043 1042 3138 (l);
1057 3066 1172 3116 scaena
1190 3067 1284 3119 vero·

265 3169 380 3239 omnis
404 3177 574 3239 renovata
594 3178 649 3240 est
666 3190 729 3261 spe
749 3168 809 3239 iila
836 3169 1032 3240 certissima
1061 3170 1276 3242 ulciscendae

264 3293 406 3384 patriae,
426 3313 531 3384 quam
558 3293 753 3363 secundum
779 3292 983 3386 Euripidem
1010 3313 1133 3363 omnes
1155 3305 1281 3387 postea

265 3407 392 3486 imitati
422 3429 517 3488 sunt.
551 3418 620 3488 Sed
646 3418 824 3513 praecipue
856 3417 1085 3489 admirandus
1123 3419 1281 3510 tragicus

266 3543 421 3613 maxime
441 3542 470 3612 is
490 3543 673 3629 introituS,
695 3564 766 3637 quo
789 3543 1035 3636 pulcherrimis
1062 3542 1287 3615 dochmiacis

267 3665 414 3736 exitium
437 3687 477 3736 ac
494 3679 641 3739 mortem
658 3689 757 3738 suam
774 3668 923 3740 extollit.
941 3668 1010 3739 Sed
1031 3677 1069 3737 ut
1087 3667 1154 3741 hoc
1173 3689 1277 3740 exor-

305 3895 340 3962 (i)
363 3892 446 3949 Serta
460 3895 508 3952 hio
523 3896 661 3968 discerpit
676 3896 746 3965 (451)
768 3898 848 3952 velut
861 3897 891 3952 in
906 3896 1064 3968 AEschylo;
1080 3897 1132 3952 sed
1151 3914 1185 3952 ea
1204 3914 1281 3968 prae·

268 3996 438 4052 cedentibus
464 3998 592 4054 Hecubae
614 3999 711 4053 verbis
736 3999 818 4069 (256)
843 4001 960 4072 paulurn
985 4000 1183 4062 infirmantur;
1209 4002 1279 4054 item

266 4098 335 4162 post
349 4108 467 4149 versum
482 4094 517 4148 de
536 4093 644 4165 Ulysse
658 4093 731 4166 (lla)
748 4111 754 4144 :
773 4106 819 4160 ζῶν
841 4102 913 4160 stoa<
930 4102 1019 4163 Αῖδην,
1037 4093 1144 4165 aliquid
1159 4095 1291 4151 fractius·

268 4189 355 4246 habet
369 4190 439 4263 (445)
452 4215 458 4257 ;
476 4202 541 4258 ὅπως
554 4201 676 4266 τάχιστ’ῐς
687 4201 761 4252 Αἴδου
774 4201 869 4266 νυμφίῳ
879 4201 1018 4265 γημώμεθα.
