3094 4970
702 431 864 494 ..92-

272 570 330 643 bio
349 570 531 642 imminuta
551 581 618 661 est,
640 592 782 663 aequum
801 579 927 641 conset
946 569 1125 642 bominem
1144 589 1289 664 parere,

273 696 1289 789 modosensuverointelliganturneojustitiaeobsouent.

273 822 327 893 Ex
356 844 478 894 eorum
510 832 628 893 autem
657 820 876 894 obscuritate
903 819 962 892 vel
992 821 1126 892 incerto
1156 830 1292 893 eventu

275 947 392 1035 ducit,
414 960 452 1018 ut
478 948 693 1044 Sophocles,
715 946 891 1042 quidquid
911 946 958 1018 ad
977 947 1176 1017 fabularum
1196 968 1293 1019 com·

276 1074 487 1168 positionem
513 1084 574 1145 aut
599 1073 769 1146 orationis
788 1073 937 1165 gratiam
964 1072 1061 1144 valet
1081 1069 1150 1168 (l).
1169 1073 1295 1145 Libere

276 1219 364 1269 vero
389 1198 516 1290 agendi
542 1207 748 1292 potestatem
777 1196 962 1269 contendit
992 1197 1126 1291 ubique
1157 1196 1193 1266 in
1220 1196 1296 1270 vita

278 1323 484 1394 mortalibus
523 1321 750 1411 consistere3
793 1322 908 1393 scelus
960 1342 1145 1415 nunquam
1189 1343 1295 1394 veros

276 1447 426 1539 jussisse
446 1447 557 1536 deos3
582 1447 670 1518 falsa
696 1446 840 1541 quidem
864 1456 898 1518 el
925 1444 1007 1517 ficta
1035 1447 1181 1519 omnino
1197 1446 1295 1539 judi·

280 1575 392 1645 oanda
416 1594 638 1668 quaecunque
661 1571 803 1644 oracula
829 1584 892 1643 aut
919 1572 1112 1644 oaelestium
1132 1573 1300 1645 mandata

282 1706 345 1768 aut
369 1697 446 1767 dira
467 1698 537 1767 lala
562 1696 724 1768 scelerati
748 1718 789 1767 ac
808 1695 989 1769 libidinosi
1017 1697 1179 1770 homines
1196 1707 1298 1793 turpe

284 1822 383 1893 factis
411 1833 448 1893 et
477 1823 639 1895 nefandis
665 1823 824 1894 moribus
851 1823 1139 1918 praetendernnt3
1168 1825 1300 1919 quippo

284 1967 435 2039 quorum
466 1947 573 2018 fuerit
600 1968 664 2017 sua
698 1946 828 2040 cuique
850 1947 939 2018 dens
968 1947 1046 2018 dira
1068 1947 1198 2042 cupido
1227 1945 1297 2043 (2).

285 2070 465 2166 Quidquid
496 2084 679 2167 peccatum
708 2084 781 2160 est,
804 2093 1026 2167 quacumque
1046 2074 1090 2145 de
1109 2094 1214 2145 causa
1233 2072 1299 2145 ho·

285 2196 399 2268 mines
428 2219 468 2268 se
501 2219 668 2291 peccasse
698 2206 904 2288 querantur,
930 2217 1034 2291 aequo
1060 2197 1301 2269 damnandum
1359 2236 1367 2247 ·

286 2322 505 2415 pronuntiat.
521 2320 625 2406 Quod
644 2343 753 2415 quum
772 2322 931 2393 defendit
945 2322 1145 2416 Euripides,
1162 2326 1299 2396 severi-

285 2456 391 2517 tatem
411 2446 506 2517 illam
526 2458 562 2517 et
587 2446 660 2517 vim
681 2445 862 2539 cogitandi
891 2447 1104 2541 dicendique
1131 2459 1184 2520 est
1203 2470 1300 2521 asse·

286 2583 389 2644 cutus
408 2593 512 2664 qnam
534 2573 769 2645 recentiorum
796 2594 901 2645 nemo
925 2594 1079 2666 unquam
1098 2574 1293 2668 superavit.

335 2698 373 2769 ld
401 2720 486 2772 vero
513 2698 733 2794 potissimum
755 2698 914 2770 defendit
937 2698 1069 2768 deorum
1092 2721 1158 2769 esse
1175 2700 1298 2793 futuru

286 2828 365 2895 scire
381 2821 537 2918 (Paua,
558 2822 628 2891 955
644 2821 694 2918 s.)
714 2844 796 2916 quae
820 2822 886 2894 soli
907 2819 1047 2894 efficere
1063 2835 1210 2915 possunt
1227 2820 1296 2918 (Cf.

323 3104 359 3176 (l)
376 3102 466 3158 Verbi
489 3121 578 3160 causa
598 3104 685 3195 Iphin.
705 3106 805 3169 Tuum,
821 3106 888 3172 575,
905 3118 996 3169 ὄλωλεν
1017 3120 1050 3175 ὡς
1067 3119 1145 3168 ὄλωλε
1164 3123 1216 3177 τοῖς
1235 3119 1302 3170 εἰδό-

287 3227 336 3267 σιν,
350 3207 406 3257 etc.
422 3231 456 3244 -
470 3201 513 3258 Cf.
530 3201 566 3257 de
578 3202 761 3258 oraculorum
776 3202 884 3259 divitiis
897 3207 957 3276 Iplr.
977 3206 1073 3271 Your..
1090 3206 1159 3263 1275
1173 3212 1202 3262 et
1216 3224 1253 3271 s.‚
1271 3214 1303 3264 et

288 3298 324 3354 de
338 3300 464 3357 oraculis
477 3300 585 3371 quibus
599 3300 749 3372 injnstitiae
762 3308 812 3357 aut
824 3302 932 3359 erroris
941 3305 1051 3359 crimen
1065 3305 1202 3377 objicitur
1215 3308 1300 3362 Eleot.

289 3398 350 3462 utu,
368 3397 447 3455 lats.

325 3497 363 3567 (i)
384 3496 430 3552 cf.
458 3495 578 3553 Helenae
603 3497 739 3552 versibus
762 3495 974 3570 Sohaxperium
992 3500 1022 3554 in
1048 3501 1182 3556 versione
1201 3500 1306 3571 gallica

289 3595 424 3669 (Guizot,
441 3595 479 3665 V,
495 3614 524 3668 p.
541 3596 590 3660 23,
606 3597 639 3651 bc
653 3598 790 3667 rollum,
806 3595 830 3662 Ι,
846 3597 874 3668 2,
890 3595 1023 3653 Edmond
1040 3620 1046 3653 ι
1065 3617 1079 3650 a
1095 3597 1179 3654 Voila
1195 3599 1260 3655 bien
1276 3600 1306 3656 lu

288 3693 448 3764 singulisne
462 3694 670 3766 impertinenoe
690 3693 730 3748 du
753 3693 877 3750 mundel
894 3694 985 3750 Nutre
998 3695 1113 3751 fortune
1134 3712 1167 3751 se
1186 3703 1306 3752 trouve·

288 3793 369 3849 belle
383 3791 493 3848 mnlnde
509 3798 634 3848 souvent
648 3809 700 3865 par
715 3808 773 3848 une
782 3792 931 3864 plenitude
942 3793 978 3848 de
988 3796 1136 3851 mauvaise
1150 3792 1304 3865 conduite‚

290 3907 366 3947 nous
380 3905 524 3947 accusons
539 3889 575 3945 de
589 3906 644 3946 nos
659 3889 808 3946 desastres
817 3892 844 3947 le
855 3891 954 3962 solen,
971 3890 998 3947 la
1009 3891 1078 3946 lune
1091 3898 1122 3949 et
1135 3893 1177 3947 les
1191 3889 1306 3963 stallos,

290 4003 403 4045 comme
418 3988 444 4042 si
459 4003 532 4044 nous
548 3987 643 4043 ouans
657 3987 779 4043 infames
794 4005 846 4059 par
860 3988 1015 4054 necessite,
1026 3987 1177 4045 imbeciles
1186 4005 1237 4061 par
1249 4003 1308 4043 une

290 4086 465 4160 imperieuse
480 4087 596 4143 volonte
610 4085 648 4142 du
661 4087 730 4157 ciel,
747 4093 805 4143 eto.
822 4107 834 4140 r
