3056 4976
563 1162 567 1171 ’
608 1207 956 1299 rnomuruu.

302 1898 481 1982 Quaerenti
497 1899 611 1992 qualis
629 1900 784 1970 fueritin
799 1899 998 1972 Graecorum
1017 1902 1198 1994 tragoediis
1214 1906 1229 1973 f
1251 1943 1264 1958 ·

253 2040 411 2101 turarum
432 2051 549 2100 rerum
570 2029 796 2124 vaticinatio,
825 2029 959 2123 duplex
983 2031 1193 2103 observatur
1211 2034 1263 2105 rei

251 2164 426 2248 aspectus,
441 2153 518 2246 pari
533 2152 652 2224 studio
674 2153 817 2245 dignus.
836 2152 971 2224 Etenim
993 2155 1050 2247 agi
1070 2165 1185 2248 polest
1203 2167 1264 2226 aut

252 2281 296 2352 de
315 2279 492 2351 communi
512 2279 669 2352 omnium
687 2285 862 2368 sententio,
885 2281 1106 2373 quaestioque
1126 2280 1185 2350 illa
1210 2291 1264 2352 est

251 2405 512 2477 crediderintne
551 2403 793 2475 divinantibus
831 2394 914 2475 tunc
950 2404 1117 2497 temporis
1153 2402 1261 2477 Athe·

251 2531 391 2601 nienses
411 2529 507 2622 iique
532 2528 599 2621 ipsi
623 2528 683 2621 qui
710 2528 802 2597 inter
821 2549 881 2598 eos
899 2529 1042 2620 ingenio
1062 2529 1259 2622 pollebant3

250 2665 310 2726 aut
326 2654 371 2726 de
387 2660 456 2724 orto
473 2652 732 2738 tantummodo,
751 2652 858 2744 idque
871 2654 1072 2724 attendetur
1084 2654 1262 2746 quomodo

249 2779 444 2874 qualesque
470 2799 634 2871 personae
656 2778 887 2849 vaticinantes
905 2800 924 2847 a
945 2778 1085 2870 tragicis
1107 2778 1261 2848 inductae

248 2906 332 2975 sint.
360 2903 499 2973 Nullam
528 2903 580 2972 rei
606 2912 740 2994 partem
772 2902 989 2973 omittemus.
1017 2902 1116 2973 Unde
1148 2902 1260 2972 tribus

249 3029 444 3123 capitibus,
479 3049 560 3120 quae
587 3037 784 3120 temporum
816 3027 976 3098 ordinem
1004 3028 1186 3120 sequentia
1215 3029 1261 3097 ad

253 3167 322 3230 tres
343 3157 494 3249 tragicos
515 3155 766 3249 pertinebunt,
788 3155 880 3226 bene
896 3165 935 3225 ut
957 3157 1083 3249 opinor
1104 3157 1262 3249 bipartuo

248 3284 437 3356 conveniet
470 3281 585 3352 divisio
594 3313 609 3370 ,·
631 3281 783 3374 primum
817 3280 853 3350 in
881 3302 1095 3374 unoquoque
1122 3281 1260 3354 videbi·

249 3431 348 3497 mus,
378 3417 548 3501 quantum
578 3408 613 3477 id
645 3407 771 3497 conjici
795 3414 936 3499 potest,
966 3407 1044 3497 quid
1066 3418 1186 3498 poeto,
1225 3416 1261 3476 et

247 3533 389 3628 quando
417 3533 452 3603 id
479 3533 574 3603 bono
600 3533 679 3602 usui
706 3532 796 3618 erit,
825 3531 903 3622 quid
931 3534 1075 3621 aequales
1101 3531 1188 3600 illius
1214 3531 1260 3600 de

248 3658 466 3730 divinatione
484 3661 637 3727 senserint
644 3688 659 3743 ,·
679 3657 809 3726 deinde
822 3657 977 3747 quomodo
993 3678 1136 3746 quosque
1145 3677 1259 3747 perso·

245 3807 306 3855 aaa
322 3782 507 3876 AEschylus
525 3794 559 3854 et
578 3781 767 3874 Sophocles
783 3782 1039 3875 Euripidesque
1056 3783 1133 3852 sive
1149 3803 1258 3874 prave

247 3910 325 3980 sive
371 3907 518 4001 pulchre
552 3907 753 3979 indumerlut.
789 3946 836 3962 -
876 3906 962 3989 Quae
996 3907 1139 3999 quidem
1179 3927 1257 3999 par·

251 4042 305 4105 tes
323 4033 372 4103 ita
392 4033 584 4121 cohaerent,
606 4041 645 4101 ut
660 4033 771 4105 altera
787 4034 886 4103 alleri
904 4032 1094 4103 auxilietur
1110 4032 1258 4123 ejusque

247 4179 348 4251 opem
392 4167 587 4251 exspectet.
617 4157 804 4230 Posteriori
839 4159 983 4251 quidem
1017 4158 1108 4229 inest
1140 4160 1252 4249 major
