3094 4970
669 569 829 631 ..89-

236 706 471 801 videbantur,
492 706 527 776 id
549 715 665 777 estne
685 707 721 775 in
742 726 833 776 vana
861 726 901 777 ac
929 706 1127 801 periculosa
1154 691 1255 780 lasci·
1326 717 1330 728 '

240 817 333 903 viret
352 842 387 902 et
407 853 471 924 pro
495 831 590 902 veris
615 842 651 902 et
678 830 871 922 ingeniosis
895 832 1014 902 omnia
1036 833 1256 904 existimaret

239 979 344 1029 nova.
377 958 509 1049 Utrique
534 959 670 1050 tempori
695 978 762 1027 sese
791 968 897 1026 noster
926 959 1198 1045 accommodavit,
1220 963 1256 1030 et

239 1082 428 1174 aequalium
460 1081 637 1152 mentibus
662 1093 700 1152 nt
724 1081 874 1152 calcaria
900 1083 1017 1174 prius,
1055 1083 1106 1154 sic
1134 1093 1256 1177 postea

240 1206 339 1276 irena
360 1206 532 1277 admovit.
562 1204 628 1276 Ubi
656 1206 833 1299 publicum
862 1207 976 1277 adfuit
1003 1208 1197 1300 pericnlum
1222 1217 1257 1280 et

242 1330 404 1401 homines
424 1329 484 1422 qui
504 1330 604 1422 quasi
625 1330 785 1401 cilicinas
804 1331 1043 1402 instruxerant
1058 1332 1254 1426 sapientiae,

240 1454 446 1546 religionem
479 1454 647 1546 legesque
674 1454 812 1524 libidini
841 1476 917 1524 suae
937 1455 1208 1526 substraverunt
1222 1466 1258 1528 et

244 1600 303 1650 eas
323 1579 440 1674 specie
455 1579 657 1671 corrigendi
678 1578 837 1650 funditus
861 1590 1085 1675 everterunt,
1109 1566 1256 1652 statum-

244 1726 314 1799 que
334 1726 474 1776 omnem
505 1703 765 1775 labefactarunt
790 1704 963 1794 civitatis,
988 1727 1097 1798 quum
1124 1706 1169 1776 ad
1196 1727 1258 1779 ece
1374 1736 1378 1743 ·

242 1829 390 1899 accessit
404 1830 535 1899 clamor
555 1842 590 1900 et
606 1828 813 1922 approbatio
832 1828 951 1921 populi
972 1851 1168 1923 corumque
1181 1852 1256 1901 mc-

246 1975 326 2025 raca
356 1955 515 2025 doctrina
542 1955 648 2024 avide
669 1954 794 2024 hausta
823 1953 923 2024 velut
946 1954 1035 2024 ebrii
1060 1977 1183 2049 omnes
1205 1956 1258 2026 in-

247 2080 433 2151 saniebant
452 2080 627 2172 longeque
646 2100 666 2149 a
687 2080 809 2172 patriis
828 2054 997 2151 institutis
1021 2091 1056 2152 et
1072 2082 1258 2174 rapieban-

244 2216 301 2275 tur
330 2215 366 2276 et
391 2205 633 2297 vagabantur,
668 2204 854 2297 Euripides
890 2206 935 2275 ab
967 2206 1131 2277 insolenti
1159 2217 1261 2300 parte

246 2330 362 2400 statim
384 2330 565 2418 discessit,
585 2341 620 2399 et
636 2330 736 2421 qnasi
757 2329 901 2400 lulminc
921 2330 1074 2422 quodam
1095 2312 1255 2421 afflatus,

249 2454 305 2524 vel
340 2454 456 2545 potius
487 2454 557 2523 uni·
575 2475 699 2546 aequus
729 2453 852 2523 virtuti
882 2465 990 2546 atque
1016 2455 1092 2545 ejus
1125 2456 1262 2527 amicus

247 2600 317 2649 non
335 2581 408 2671 jam
429 2580 535 2667 dece,
555 2601 706 2672 qnorum
725 2580 841 2648 luerat
861 2588 930 2648 tam
952 2600 1077 2672 parcus
1093 2581 1207 2652 cultor
1225 2591 1261 2652 et

246 2700 469 2796 infrequens,
505 2703 567 2773 sed
598 2723 708 2774 vanos
742 2724 863 2773 eorum
899 2703 1126 2774 insectatores
1152 2705 1261 2777 laces·

247 2829 351 2917 sivit,
374 2850 567 2920 eorumque
596 2828 706 2897 illusit
725 2831 762 2897 τὸ
786 2831 877 2921 σοφόν
897 2828 982 2898 illud
1003 2829 1098 2921 quod
1118 2830 1258 2923 sapien-

255 2953 300 3023 tia
320 2946 435 3041 caret,
457 2953 621 3045 superbia
643 2953 785 3038 nititur,
811 2953 928 3023 omnia
948 2953 1079 3023 scelera
1101 2975 1141 3025 uc
1161 2953 1259 3046 flagi-

251 3079 298 3150 tia
314 3087 462 3150 excusat
478 3070 629 3170 (Bacch,
645 3076 735 3166 200,
754 3076 844 3165 203,
865 3079 956 3166 655,
981 3077 1102 3175 4257),
1121 3079 1206 3162 Quae
1225 3081 1261 3156 in

252 3204 381 3298 populo
400 3203 600 3274 atheniensi
624 3203 727 3273 toties
751 3203 817 3274 hac
841 3212 944 3273 celate
971 3204 1262 3275 animadvertitur

251 3327 502 3412 inconstantia,
528 3326 592 3397 sed
616 3327 733 3397 subita
751 3338 786 3397 et
802 3327 916 3396 omnis
933 3348 1060 3420 expers
1080 3329 1136 3398 vel
1155 3329 1260 3400 ratio·

252 3452 305 3522 nis
326 3452 381 3523 vel
404 3452 649 3538 humanitatiS,
677 3452 771 3521 illius
797 3452 858 3522 sed
882 3453 987 3542 justae
1011 3472 1051 3520 ac
1079 3451 1266 3544 prudentis

252 3599 323 3648 non
337 3577 539 3670 Euripidem
559 3577 685 3671 puduit
702 3585 779 3669 post
795 3576 923 3646 multos
940 3596 1069 3662 annos,
1090 3584 1128 3645 nt
1140 3575 1267 3669 patriae

252 3698 495 3772 auxiliaretur.
517 3702 637 3793 Neque
659 3701 694 3771 id
714 3701 857 3772 omnino
876 3702 951 3791 ejus
970 3700 1070 3770 indoli
1091 3723 1264 3794 repugna·

161 3824 166 3833 '
254 3828 318 3899 vit.
343 3827 487 3899 Graecus
514 3828 607 3899 enim
636 3827 827 3899 admodum
853 3837 950 3915 erat,
973 3827 1009 3897 id
1029 3837 1083 3899 est
1098 3849 1138 3899 ea
1159 3836 1264 3920 gente

256 3954 314 4023 ubi
331 3954 669 4025 commendabantur
681 3976 701 4024 a
714 3955 825 4047 poetis
848 3965 917 4024 tres
932 3954 1002 4024 illue
1020 3953 1169 4025 virtutes
1186 3952 1267 4046 qui-⁴

172 4058 176 4061 ’
244 4081 459 4173 buspariter
470 4080 509 4148 Di
522 4090 755 4172 parentesque
766 4079 911 4170 acleges
927 4077 1264 4150 colendaevideban·

252 4201 1267 4299 tur,quarumconjnnctionefiebatflorentissimaingenii
