3056 4976
576 612 578 616 ,
639 547 802 609 -21-

213 690 318 783 plecti
335 686 435 774 velit,
455 686 579 757 merito
596 684 689 756 dicat
701 685 737 755 in
748 684 854 774 hujus
868 686 1052 776 tragoediae
1064 689 1222 780 partibus

214 815 294 885 duci
310 811 575 905 quodammodo
585 810 762 881 de=Xersis
774 810 872 902 luga,
886 817 921 882 et
933 811 1110 906 exercitus
1124 813 1225 884 clade

214 943 393 1032 ingentem
408 939 543 1008 luctum
560 948 622 1007 aut
637 946 676 1006 ut
689 936 790 1006 aiunt
804 935 916 1008 Graeci
932 940 1035 1031 θρῆνον
1045 934 1061 1032 (
1066 935 1103 1032 l)
1118 938 1225 1010 variis

215 1086 423 1159 expressum
444 1063 571 1134 modis,
594 1061 839 1132 Praemetuitur
859 1062 1010 1155 primum
1034 1085 1054 1133 a
1077 1063 1226 1135 sollicita

215 1189 359 1260 civitate
373 1188 512 1277 clades,
526 1207 610 1257 mox
627 1195 900 1279 repraesentatur
914 1186 1047 1279 reginae
1063 1188 1223 1275 somnio,

216 1313 300 1384 dein
330 1311 562 1383 consternatis
590 1309 754 1381 omnibus
782 1310 954 1381 anuntio
987 1310 1225 1403 describitur,

103 1491 105 1493 -
216 1449 340 1532 postea
367 1436 477 1507 cladis
502 1435 647 1505 alterius
678 1435 827 1527 augurio
854 1444 956 1506 aucta
988 1434 1027 1506 fit
1060 1436 1226 1526 gravior,

218 1563 372 1654 denique
390 1561 436 1632 ab
454 1560 618 1632 omnibus
636 1570 671 1630 et
689 1561 766 1652 ipso
782 1560 901 1631 Xerxe
918 1571 1062 1661 auctore
1079 1583 1120 1633 ac
1140 1571 1231 1632 teste

218 1687 313 1756 illius
328 1685 543 1777 deploratur.
556 1683 735 1753 Summam
748 1683 799 1754 rei
814 1704 930 1755 scaena
946 1684 991 1756 de
1005 1707 1075 1779 qua
1090 1681 1232 1776 agimus

218 1811 387 1883 continet.
409 1809 515 1901 Cujus
540 1808 691 1902 primum
720 1808 880 1896 utilitati,
911 1811 993 1881 dein
1021 1811 1131 1884 indoli
1161 1821 1232 1882 stu-

221 1937 383 2009 deamus.

269 2061 393 2131 Fateor
412 2060 564 2153 primum
582 2081 652 2130 uon
670 2059 755 2131 satis
774 2080 795 2129 a
815 2081 871 2130 me
886 2059 1034 2153 intelligi
1048 2062 1230 2154 quomodo

223 2191 268 2261 de
295 2191 437 2258 utilitate
463 2189 539 2277 ejus
563 2210 719 2280 unquam
745 2188 944 2259 dubitatum
968 2189 1029 2260 sit.
1056 2189 1233 2273 Quantum

222 2316 315 2385 enim
330 2314 375 2384 ad
391 2313 606 2402 Graecorum,
623 2314 695 2384 imo
710 2312 756 2382 ad
773 2313 961 2402 cujuslibet
980 2315 1129 2406 legentis
1138 2316 1234 2406 judi-

195 2448 198 2459 '
224 2439 317 2509 oium
334 2439 497 2530 pertinet,
510 2437 581 2507 falli
596 2437 763 2508 videntur
775 2439 919 2509 omnine
933 2437 994 2532 qui
1007 2461 1085 2511 eam
1101 2452 1234 2534 partem

226 2562 410 2655 tragoediae
433 2563 476 2633 ad
498 2583 660 2657 pompam
681 2563 871 2655 spectaculi
890 2575 1070 2657 spectare,
1092 2567 1237 2639 minime

228 2709 315 2759 vero
345 2688 403 2758 vel
436 2687 553 2758 minus
588 2686 624 2755 in
657 2696 767 2757 totum
797 2685 968 2778 proficere
997 2692 1234 2780 contendunt,

228 2811 407 2903 mirorque
443 2809 649 2904 praeclarum
680 2810 836 2901 judicem
871 2809 926 2907 (2)
964 2813 1106 2906 optimae
1146 2816 1237 2909 parti

228 2934 365 3007 haerere
391 2934 532 3007 solitum
550 2934 608 3005 bio
627 2944 826 3029 opportuno
845 2934 923 3008 loco
941 2937 1124 3010 cedentem
1148 2941 1238 3011 mul-

229 3069 303 3130 tum
327 3059 528 3131 inclinasse.
549 3059 625 3130 Non
650 3060 814 3151 equidem
835 3083 927 3132 unus
947 3084 1025 3134 sum
1045 3085 1092 3135 ex
1110 3065 1239 3137 triariis

230 3172 381 3277 ad'quos
398 3207 474 3255 rem
491 3185 591 3256 aiunt
613 3184 750 3274 redire3
770 3186 833 3257 sed
850 3208 1051 3280 quanquam
1068 3190 1139 3261 levi
1156 3213 1241 3282 qno·
1327 3241 1330 3246 -

232 3310 422 3382 dammodo
449 3319 626 3380 armatura
653 3322 689 3380 et
721 3311 848 3382 alienis
877 3334 1017 3383 merens
1051 3314 1238 3408 auspiciis,

232 3437 404 3508 rationem
420 3458 546 3508 scaenae
560 3457 666 3530 quam
676 3436 783 3509 video
795 3437 951 3509 breviter
961 3438 1157 3510 describam
1170 3440 1238 3531 (3).

172 3680 181 3694 ⁴
272 3693 308 3762 (l)
326 3690 364 3747 V.
380 3691 480 3758 Patin,
497 3692 529 3763 I,
543 3692 615 3759 238,
629 3709 664 3749 ac
678 3695 839 3766 prasertim
856 3693 961 3750 Girard
974 3696 1022 3752 cui
1041 3702 1070 3752 et
1086 3695 1175 3752 multa
1188 3695 1243 3752 alia

233 3786 271 3844 de
287 3789 384 3845 Persis
399 3795 428 3846 ot
441 3791 520 3848 illam
534 3790 732 3848 definitionem
744 3791 847 3848 debeo.
862 3791 1013 3849 Santimcnl
1027 3793 1175 3863 relipt'auc,
1186 3793 1242 3852 ,476

235 3890 266 3941 et
279 3901 305 3941 a.

271 3983 311 4053 (2)
325 3983 497 4052 Hermann„
512 3987 550 4042 Dc
563 3984 666 4042 Persis.
684 3988 829 4057 opuscola,
844 3987 871 4055 2,
887 4005 917 4061 p.
932 3989 976 4046 al.

275 4082 309 4151 (3)
326 4082 432 4139 Mirum
447 4089 493 4138 est
508 4083 543 4138 de
557 4083 711 4157 illaRappi
722 4085 936 4155 (desclticlttodes
947 4087 1051 4143 driaclt.
1062 4088 1243 4157 Subooapt‘ala,

234 4177 406 4252 Tubingue;
425 4180 507 4247 lasa,
526 4200 555 4254 p.
579 4182 622 4248 llll
637 4181 781 4253 judicium
802 4182 880 4239 :Die
897 4185 1132 4258 nacbstlolgende
1151 4186 1245 4242 Scene
