3094 4970
717 461 877 526 ...43-

286 606 394 677 1ἀιιΙοθ
419 600 475 698 (l)
502 612 556 674 est
589 601 788 700 praevidere
814 601 930 670 futura
958 623 1038 693 quae
1061 574 1184 672 secura
1208 623 1298 673 voce

288 731 434 801 iambicis
453 726 668 822 pronuntiat.
692 725 789 796 Mens
815 726 892 817 ejus
918 726 1032 818 spatio
1060 725 1179 814 nullo,
1202 727 1299 798 nullo

290 865 478 950 tempore,
525 852 621 923 nulla
669 851 873 942 cujuslibet·
902 853 1043 943 generis
1091 851 1299 923 difficultate

288 989 481 1052 coercetur.
509 977 596 1061 Quae
634 976 814 1071 praesenti-t
848 975 1014 1065 meliora,
1045 976 1164 1047 studet
1199 998 1300 1047 exse-

289 1105 367 1198 qui3
394 1125 474 1196 quae
500 1101 717 1196 periculosa,
745 1110 854 1185 arcet.
891 1098 1042 1170 Animus
1075 1123 1146 1171 non
1183 1101 1299 1170 minus

288 1249 369 1298 acer
401 1248 507 1320 qnam
543 1224 694 1320 simplex
720 1226 765 1295 ad
800 1225 965 1295 eflectum
1001 1237 1135 1320 spectat
1161 1236 1197 1297 et
1220 1248 1297 1320 per·

288 1355 352 1446 git.
388 1351 586 1424 Mortalium
632 1351 769 1420 ruinam
812 1351 857 1421 ab
903 1352 990 1423 Jove
1026 1353 1100 1443 jam
1142 1362 1297 1445 paratam

288 1500 397 1570 quum
426 1476 535 1563 vidit,
567 1486 640 1545 tum
668 1475 842 1568 impediit.
869 1474 995 1568 Magna
1015 1498 1121 1570 opera
1152 1478 1294 1569 incipit,

287 1613 408 1694 urget,
434 1602 675 1695 persequitur,
706 1611 742 1671 et
768 1601 797 1670 si
824 1601 911 1695 quid
932 1602 1022 1674 sorte
1044 1603 1181 1690 obstat,
1204 1613 1297 1673 totus

286 1735 409 1799 contra
430 1726 590 1819 erigitur.
610 1727 681 1797 Nec
703 1726 830 1796 tuturis
848 1727 956 1797 rebus
975 1727 1211 1813 solummodo,
1234 1727 1298 1798 sed

282 1853 429 1945 justitiae
449 1852 638 1939 incumbit,
662 1875 777 1945 neque
799 1852 869 1923 ullo
890 1854 1015 1945 pretio,
1035 1853 1105 1922 ulla
1127 1874 1230 1946 poena
1250 1853 1296 1922 ab

286 1980 345 2050 illa
361 2001 400 2050 se
419 1980 531 2050 averti
550 1980 692 2073 patitur.
712 1980 782 2050 Nec
803 1977 963 2050 homines
984 1988 1117 2049 tantum
1141 1978 1296 2049 muueri-
1373 1996 1376 2005 ¹

285 2105 352 2176 bus
369 2105 582 2193 cumulavit3
595 2106 1043 2199 eossummopericulosuo
1060 2104 1228 2176 servavit.
1249 2145 1294 2157 -

284 2230 336 2302 Sit
358 2253 443 2302 vero
462 2230 649 2323 quantavis
669 2252 710 2301 ea
734 2231 939 2318 diversitas,
962 2233 1073 2322 major
1098 2241 1214 2299 tamen
1242 2241 1296 2301 est

285 2356 477 2442 similitudo,
498 2356 627 2449 deique
646 2355 751 2447 hujus
773 2356 937 2448 praesenti
965 2356 1037 2427 lato
1062 2357 1191 2426 lactum
1218 2364 1293 2443 est,

285 2491 324 2550 ut
340 2479 395 2551 vis
415 2479 599 2550 divinandi
620 2501 704 2551 sane
723 2503 791 2550 non
813 2489 920 2550 totam
937 2480 1013 2570 ejus
1030 2480 1206 2567 indolem,
1231 2476 1294 2549 sed

286 2627 446 2697 magnam
469 2614 601 2699 partem
622 2605 830 2676 contineret.
852 2604 1010 2674 Facultas
1030 2604 1088 2673 illa
1112 2605 1237 2696 ingens
1258 2612 1294 2675 et

285 2730 508 2823 excogitandi
533 2739 567 2800 et
591 2730 832 2824 exsequendi,
852 2752 931 2823 quae
955 2751 1065 2822 nuper
1093 2730 1292 2801 mortalium

284 2866 404 2926 vatum
425 2855 677 2949 comparationi
697 2855 849 2926 maxime
872 2855 1110 2947 repugnabat,
1140 2855 1175 2924 in
1204 2877 1293 2947 prae·

283 3001 365 3050 sens
387 2955 502 3051 omnis
528 2980 672 3051 tollitur.
701 2980 790 3051 Huic
815 2981 907 3051 euim
937 2981 1065 3052 tabulae
1091 3002 1159 3052 non
1188 2981 1294 3052 modo
1345 3054 1348 3059 ,

283 3105 350 3176 loci
375 3116 410 3176 et
434 3105 600 3198 temporis
626 3105 873 3191 mutationem,
903 3105 965 3176 sed
989 3096 1118 3176 motum
1142 3106 1291 3197 quemli-

283 3229 342 3300 bet
359 3230 506 3301 actionis
533 3229 610 3322 ipso
636 3240 845 3320 argumento
872 3229 996 3300 deesse
1021 3233 1194 3325 oportuit,
1228 3253 1294 3303 nec

282 3353 508 3443 Promethea,
526 3364 652 3448 praeter
662 3355 858 3425 libertatem
875 3355 983 3425 animi
996 3378 1076 3448 quae
1092 3352 1205 3450 abripi
1221 3379 1291 3428 non

283 3481 409 3572 potuit,
432 3479 501 3550 ulla
518 3479 587 3550 alia
611 3493 664 3551 est
689 3480 821 3551 relicta.
844 3479 938 3551 Saxo
957 3481 1100 3573 quidem
1122 3481 1291 3572 religatus

319 3736 356 3810 (l)
373 3735 418 3791 Ne
434 3738 505 3792 tanti
527 3736 616 3791 facias
634 3753 726 3809 pauca
746 3738 792 3791 illa
816 3755 881 3808 quae
904 3739 934 3792 in
957 3739 1098 3811 prudente
1120 3739 1289 3810 impruden·
1390 3730 1393 3736 ’

279 3835 350 3891 ‚tiam
366 3833 439 3904 (268)
455 3833 579 3906 aliquam
594 3841 730 3906 arguunt,
746 3837 774 3889 in
790 3835 933 3908 intrepido
948 3842 1058 3892 metum
1073 3836 1156 3911 (itt),
1174 3838 1203 3893 in
1218 3853 1290 3892 cou-

281 3930 386 3988 fidente
400 3934 493 3988 levem
507 3935 595 3989 animi
605 3935 819 3990 inclinationem
835 3936 897 4005 (136
911 3938 959 4005 s).
975 3935 1042 4011 Non
1053 3939 1143 3992 naevis
1155 3945 1214 3993 tota
1223 3955 1289 3993 cor-

281 4033 360 4104 poris
376 4031 488 4087 indoles
503 4038 640 4089 mutatur·.
655 4033 698 4088 Ea
712 4040 779 4089 sunt
794 4035 901 4105 quibus
915 4036 1000 4090 nobis
1014 4035 1136 4091 similior
1149 4035 1190 4099 fit,
1204 4039 1290 4093 nobis

281 4131 470 4197 miserabilis;
488 4131 573 4187 terrei
588 4148 645 4186 non
660 4148 714 4186 nos
729 4133 874 4189 misereat.
