3094 4970
726 501 885 562 ..74-

301 644 430 717 furenti
464 664 536 715 non
561 661 663 734 aeque
688 639 784 712 credi
812 647 939 734 potest.
968 637 1085 722 Quum
1117 641 1313 714 foedissima

300 769 413 864 aperit
428 767 576 854 scelera,
597 786 667 836 non
682 763 850 836 continuo
865 762 985 834 verbis
998 762 1189 836 adhibetur
1205 763 1309 856 fides,

299 914 364 964 nec
401 890 500 962 malis
537 910 618 983 quae
660 888 811 958 intentat
846 887 1111 978 misericordia3
1157 899 1311 962 eventus

299 1025 597 1111 exspectaturus
625 1010 714 1083 fides
741 1023 777 1082 et
801 1011 1044 1083 misericordia
1068 1014 1197 1085 frustra
1221 1035 1312 1108 prae-

297 1153 407 1237 raptae
423 1142 506 1212 sint.
527 1139 619 1232 Ergo
638 1139 883 1225 admonemur,
906 1138 1104 1229 docemur3
1128 1140 1248 1213 nescio
1264 1162 1311 1212 an

298 1290 368 1340 non
389 1268 476 1338 utin
493 1265 571 1337 aliis
591 1275 808 1353 terreamur,
831 1284 896 1335 nec
909 1285 973 1335 nos
990 1265 1224 1338 tantaerninae
1237 1276 1309 1338 sta-

291 1392 359 1463 tim
379 1391 555 1462 misereat.
583 1427 631 1445 -
655 1387 758 1472 Quod
787 1387 817 1459 si
841 1387 995 1459 attendis
1023 1398 1140 1483 partes
1167 1388 1307 1484 disponi

296 1516 423 1589 callide
439 1526 474 1587 et
492 1513 656 1607 quamvis
676 1513 768 1583 inter
786 1533 825 1583 se
844 1512 1019 1606 implexas
1038 1513 1209 1606 singulari
1221 1513 1307 1586 faoi·

295 1641 392 1712 litate
411 1639 572 1734 expediri
591 1634 661 1733 (l),
689 1637 868 1730 religionis
888 1647 925 1708 et
946 1638 1093 1710 deorum
1121 1639 1307 1712 immemor

296 1775 408 1836 artem
434 1763 612 1858 praecipue
635 1774 751 1856 poetae
779 1761 1024 1835 admiraberis.
1057 1763 1190 1835 Scitum
1212 1765 1303 1855 fuit,

294 1910 380 1960 sane
397 1889 502 1961 simul
519 1908 560 1958 ao
577 1887 747 1979 tragicum
773 1887 821 1957 ita
842 1897 1040 1980 temperare
1056 1889 1176 1961 omnia
1197 1900 1236 1960 ut
1251 1899 1305 1962 to—

295 2024 365 2084 tam
386 2035 459 2085 rem
479 2035 544 2089 rex
560 2012 693 2083 invitus
712 2020 831 2104 regat,
859 2011 1010 2082 inlausta
1032 2012 1100 2083 sibi
1127 2013 1305 2086 ominetur

294 2152 329 2210 et
347 2140 438 2210 sicut
457 2159 495 2209 re
516 2149 637 2231 postea
656 2132 803 2232 (ital),
827 2158 922 2207 nnnc
938 2137 1060 2209 verbis
1079 2159 1201 2231 poenas
1220 2159 1304 2210 suas

294 2274 474 2357 provocet.
495 2261 598 2332 Catus
623 2260 768 2354 quidem
798 2260 857 2332 ille
881 2262 1109 2354 aenigmatum
1138 2263 1304 2335 inventor

292 2396 413 2481 aperta
428 2407 498 2456 non
511 2385 569 2456 hic
581 2383 764 2476 intelligit3
786 2384 874 2454 nihil
890 2387 1007 2478 arguit
1024 2387 1059 2457 in
1079 2387 1299 2482 adversario,

291 2512 378 2604 quin
397 2511 433 2580 in
451 2531 490 2581 se
512 2532 595 2582 mox
615 2509 906 2618 comperiendum
932 2512 1066 2600 audiat,
1087 2522 1124 2584 et
1139 2524 1301 2607 spectan-

292 2636 385 2706 tibus
410 2635 529 2708 verior
557 2644 703 2729 apparet
723 2656 828 2728 quam
853 2635 1003 2707 Tiresias
1027 2638 1179 2711 fortunae
1199 2660 1297 2728 suae,

292 2773 329 2833 ut
344 2772 478 2852 auctor,
504 2761 555 2833 sic
574 2761 680 2832 etiam
703 2771 813 2832 vates.
833 2761 886 2832 llx
899 2761 958 2832 illo
977 2764 1078 2855 quasi
1094 2764 1293 2857 palaestrico

289 2887 481 2959 certamine
495 2885 639 2956 inlerior
655 2905 742 2955 sane
757 2896 889 2956 eventu
906 2884 1061 2980 OEdipus
1077 2886 1219 2976 evadet,
1232 2889 1298 2960 sed

289 3013 324 3081 in
344 3009 411 3079 hac
436 3029 551 3080 scaena
577 3009 708 3101 primas
732 3020 849 3102 partes
873 3011 966 3106 agit,
990 3011 1061 3084 imo
1081 3035 1183 3106 paene
1200 3013 1297 3087 solus

288 3144 486 3228 spectatur3
516 3135 561 3205 ad
589 3155 670 3205 eum
696 3135 816 3206 omnia
850 3136 1050 3207 referuntur
1073 3157 1114 3207 ac
1140 3138 1296 3210 maxime

287 3258 501 3330 adnotantur
521 3258 556 3328 in
576 3259 788 3330 inconstanti
807 3261 926 3331 animo
946 3262 1036 3332 varii
1051 3283 1191 3350 sensus,
1211 3285 1296 3356 quo

287 3405 365 3455 rum
379 3404 421 3454 ea
441 3393 495 3454 est
515 3382 721 3454 vicissitudo
742 3393 781 3454 ut
800 3405 901 3477 paene
920 3385 1078 3456 statima
1103 3384 1231 3458 fidncia
1250 3386 1295 3459 ad

285 3508 520 3602 suspicionem
539 3504 606 3602 (Cf.
634 3508 703 3578 303
722 3520 757 3579 et
774 3531 821 3597 s.,
845 3506 914 3578 345
930 3519 966 3580 et
985 3513 1031 3600 s.)
1051 3531 1072 3581 a
1091 3511 1296 3584 laudatione

284 3634 330 3704 ad
351 3632 529 3704 fastidium
555 3631 621 3725 (Cl.
649 3632 742 3721 303,
765 3630 860 3720 304,
885 3631 980 3729 illl,
1009 3655 1088 3705 cum
1108 3658 1147 3713 ν,
1166 3634 1236 3706 334
1259 3647 1296 3709 et

283 3781 331 3847 s.,
353 3757 436 3847 374)
456 3779 477 3829 a
496 3756 698 3852 precatione
715 3757 761 3829 ad
780 3757 908 3847 minas,
934 3781 1019 3831 mox
1035 3759 1119 3832 inde
1137 3760 1183 3833 ad
1201 3761 1295 3833 solli·

283 3882 478 3957 citudinem
494 3894 529 3954 et
546 3894 676 3954 metum
692 3882 889 3955 adducatur
907 3882 994 3979 (l3'l
1011 3885 1127 3982 ets).
1148 3886 1292 3958 Summa

317 4140 354 4213 u)
374 4138 552 4213 aaronem,
568 4139 599 4197 e.
614 4141 655 4207 n,
670 4139 725 4206 111,
738 4158 768 4214 p.
785 4141 924 4209 asnaa.
1008 4104 1012 4111 ’
