3056 4976
650 414 809 477 ..15-

225 557 355 631 riorem
373 564 499 649 putare
523 564 562 624 ut
578 553 690 648 ipsam
710 573 811 624 snam
831 551 943 647 ipsius
968 553 1123 629 indolem
1146 557 1237 652 abji-

224 702 307 754 cere
325 691 361 751 et
378 678 537 771 effugere
555 687 729 771 nequeat,
747 676 873 749 Parcus
889 688 1011 752 contra
1037 681 1086 751 ita
1107 689 1234 775 poten-

225 808 333 881 tiores
361 817 400 877 ut
429 804 507 876 Iovi
542 801 609 899 ipsi
644 802 751 874 etiam
780 813 942 877 naturam
973 808 1235 900 assignaverint

223 925 409 1029 (Klausen,
433 930 558 1017 Theoi,
578 951 614 1021 p.
636 922 716 1023 40);
736 937 892 1001 ceterum
913 929 973 1001 nbi
992 930 1165 1003 Saturnus
1184 932 1235 1002 ilii

225 1055 431 1129 conciliatus
448 1052 568 1141 inerit,
579 1052 704 1124 Parcas
719 1052 805 1123 nihii
820 1054 894 1145 jam
908 1057 1085 1147 agendum
1102 1055 1234 1128 habere

225 1181 292 1251 nisi
307 1180 404 1274 quod
418 1179 553 1272 Jupiter
567 1178 714 1271 jusserit
734 1174 786 1273 (p.
818 1176 877 1263 ta,
899 1181 1007 1272 ext).
1027 1179 1140 1263 Quam
1159 1181 1232 1274 spi-

225 1326 313 1380 nosa
328 1315 363 1377 et
378 1302 608 1377 contortiouia
623 1303 684 1373 iila
704 1302 1011 1376 conclusiunculat
1024 1304 1130 1397 Cujus
1148 1305 1236 1400 qnid

225 1431 303 1525 ipse
323 1439 428 1524 poeta
446 1429 589 1501 docuit‘i
606 1427 700 1499 Nihil
722 1429 816 1520 iere3
838 1428 902 1500 sed
925 1451 968 1501 ea
981 1429 1238 1502 subtilissimus

225 1557 399 1650 interpres
427 1554 588 1648 excepit,
607 1553 785 1644 sejunxit,
805 1551 1019 1647 disputavit,
1041 1555 1237 1648 legentem·

223 1701 295 1773 qne
312 1677 554 1751 ratiocinando
573 1699 617 1749 eo
635 1677 739 1748 duxit
759 1688 797 1748 ut
817 1700 901 1749 mox
918 1701 989 1750 non
1008 1678 1232 1774 AEschylum,

226 1804 292 1876 sed
310 1803 479 1875 Senecam
497 1801 553 1899 (i)
565 1803 718 1873 audiret.
734 1799 873 1886 Quanto
891 1803 1017 1874 melius
1033 1825 1075 1875 ea
1094 1803 1239 1876 dumeta

230 1928 270 2003 in
291 1950 373 2022 quae
392 1939 582 2021 correpunt
600 1928 821 2017 vitabuntur,
840 1929 871 1997 si
891 1928 1056 2000 fateberis
1076 1938 1238 2000 veterum

228 2063 336 2150 atque
354 2055 465 2147 ipsius
484 2053 640 2149 AEschpli
663 2053 709 2124 de
728 2054 800 2125 fato
821 2055 1024 2147 opinionem
1048 2054 1236 2148 ancipitem

229 2180 353 2269 fnisse,
372 2189 479 2271 atque
497 2178 585 2248 iilud
603 2178 734 2271 saepius
754 2200 840 2250 sane
863 2179 941 2251 tovi
962 2179 1160 2273 ceterisque
1182 2179 1238 2251 dis

230 2307 428 2398 saneotum
468 2304 565 2395 dici,
600 2305 777 2376 interdum
816 2315 935 2383 tamen
980 2306 1237 2401 praepositum,

227 2451 482 2524 nonnunquam
513 2431 618 2502 etiam
640 2430 763 2523 (idque
785 2452 856 2503 non
876 2432 1009 2502 invitus
1035 2431 1161 2524 opinor
1181 2416 1248 2502 sal

115 2531 118 2537 ¹
227 2555 464 2650 pientioribus
481 2554 673 2651 placuisse)
692 2577 771 2626 cum
791 2555 835 2626 iis
858 2556 1042 2625 contusum
1060 2553 1129 2650 (2).

277 2680 355 2753 Non
374 2681 476 2751 aliter
501 2679 665 2773 defendi,
686 2679 717 2750 si
737 2680 835 2751 iocus
861 2689 974 2768 esset,
997 2679 1237 2768 ostenderem,
1348 2672 1351 2677 ’

230 2826 337 2899 quem
353 2805 431 2877 sive
451 2808 526 2874 Θεόν
545 2805 624 2876 sive
638 2805 752 2876 Jooetu
775 2803 962 2900 AEschyius
977 2804 1150 2898 appellat,
1167 2825 1238 2876 non

230 2929 433 3002 Saturnium
453 2930 551 2999 illum
570 2950 662 3019 esse,
683 2929 795 3000 forma
813 2929 982 3017 hnmana,
1002 2929 1238 3022 humanisque

230 3054 328 3126 vitiis
346 3054 594 3145 deformatum,
615 3054 680 3127 sed
695 3055 852 3127 omnium
870 3054 1054 3127 hominum
1073 3055 1240 3126 deorum·

271 3378 304 3446 tit
323 3379 359 3433 De
372 3376 567 3446 bonos.,lV,8,
579 3378 604 3434 3.
621 3378 657 3432 De
672 3378 793 3447 protriti..
806 3377 833 3443 5,
849 3377 875 3443 6,
894 3382 950 3433 eto.
961 3407 998 3420 -
1014 3376 1129 3433 Confer.
1139 3377 1242 3434 Sohoe-

231 3476 438 3546 maanefost.
454 3475 561 3542 Prona..
571 3494 600 3548 p.
617 3476 678 3541 iii,
695 3482 755 3532 not.
773 3474 816 3540 ta,
833 3491 890 3548 qua
905 3476 1044 3530 extremis
1059 3475 1156 3531 verbis
1170 3491 1242 3531 oon-

231 3573 310 3630 cedit
323 3574 394 3629 nihil
409 3581 522 3633 certum
537 3574 572 3629 do
588 3591 621 3629 ea
636 3591 667 3629 re
681 3573 758 3646 apud
773 3579 887 3630 veteres
901 3572 1034 3629 inveniri.
1043 3573 1150 3630 Tamen
1164 3573 1242 3630 idem

230 3688 260 3744 p.
278 3672 311 3728 38
325 3716 331 3735 ,
347 3690 375 3728 n.
388 3672 435 3737 tt,
458 3673 520 3744 pari
535 3679 622 3743 atque
636 3671 814 3728 Klausenius
831 3671 974 3728 sententia
987 3670 1089 3728 utitur.
1106 3670 1148 3728 Ea
1161 3672 1243 3728 aliter

231 3771 367 3842 quamvis
383 3786 465 3841 aequa
479 3770 638 3828 subtilitate
648 3770 773 3842 explicat
788 3768 929 3826 Starkeus
946 3770 1161 3840 Audeutunpen,
1173 3776 1240 3835 etc..

230 3883 262 3939 p.
274 3868 325 3923 iti
341 3875 371 3924 et
384 3884 410 3924 s.

272 3964 308 4034 tt)
323 3963 525 4038 Nagelsbaoh,
540 3968 579 4022 De
593 3968 689 4036 calip,
710 3984 740 4039 p.
761 3967 777 4023 3
794 3988 801 4021 :
817 3967 868 4038 qui
882 3966 963 4022 locos
979 3965 1152 4038 AEschyleos
1166 3965 1243 4022 indi·

230 4069 289 4121 cat.
305 4062 676 4136 Gt.1)inges,m‹ttutuo,
692 4069 760 4133 otc..
777 4082 805 4137 p.
821 4064 867 4121 20.
