3094 4970
503 722 943 829 conctusrouc'um
1059 870 1061 873 Ι

646 1035 802 1047 —n———oe-n

263 1316 299 1385 In
325 1314 521 1409 frupmeotis
542 1313 758 1406 perditorum
781 1313 993 1403 tragicorum
1021 1315 1154 1382 nultum
1178 1316 1229 1383 iu-

215 1440 296 1517 veni
308 1438 539 1512 divinationis
549 1437 754 1530 vestigium,
770 1439 831 1508 vix
844 1438 996 1530 aliquam
1010 1441 1226 1510 somniorum

213 1565 417 1663 (dianopam,
435 1564 518 1654 037,
532 1564 588 1637 W.
608 1587 643 1657 p.
662 1561 763 1658 077),
779 1564 1002 1636 oraculorum
1016 1563 1068 1660 (in
1082 1567 1128 1657 fg.
1144 1567 1228 1637 Neo-

213 1692 378 1785 phronis,
401 1690 529 1779 Medea,
550 1690 583 1778 0,
603 1712 636 1781 p.
659 1687 739 1783 30),
763 1698 799 1758 et
820 1689 1032 1781 magicarum
1053 1693 1227 1761 rationum

183 1798 189 1806 '
213 1814 457 1911 (jepphone,
482 1814 516 1899 r,
536 1839 570 1907 p.
597 1814 666 1882 rae
686 1814 723 1883 0.
746 1826 781 1883 a
798 1815 1008 1907 cosmiana,
1031 1840 1065 1908 p.
1085 1816 1153 1884 rar
1175 1816 1231 1911 a.)

213 1943 443 2015 mmmm.

262 2068 393 2139 Praeter
410 2068 561 2159 tragicos
588 2088 657 2169 non
685 2067 791 2136 refert
809 2088 971 2158 quaerere
992 2068 1105 2159 qualis
1127 2070 1231 2137 inerit

212 2194 249 2262 in
274 2213 390 2265 scaena
419 2191 605 2262 divinatio.
628 2190 753 2284 Liquet
776 2193 868 2262 enim
899 2192 1097 2262 dominorum
1122 2193 1230 2263 inisse

213 2341 289 2391 earn
320 2341 390 2390 nun
421 2328 490 2387 tam
521 2318 726 2389 describere
753 2338 858 2411 quam
884 2317 1054 2403 illudere3
1079 2340 1228 2410 quorum

212 2456 353 2517 veteres
369 2445 464 2514 iilam
483 2445 760 2538 divinantesque
778 2445 879 2514 velut
897 2446 1015 2515 omnia
1036 2444 1103 2514 alia
1125 2445 1229 2515 liber-

193 2571 304 2642 'rime
332 2569 626 2662 exagitaverunt,
648 2571 694 2640 ita
714 2579 832 2639 tamen
858 2579 895 2638 ut
918 2590 986 2639 non
1007 2570 1151 2639 omnino
1179 2571 1227 2639 rei

212 2695 317 2767 fidem
346 2707 592 2786 expugnarent
618 2691 652 2788 (i
662 2693 697 2789 );
730 2694 944 2765 recentiores
971 2703 1087 2765 antem
1116 2697 1226 2784 majo·

213 2842 286 2893 rem
305 2820 382 2914 ipso
401 2819 543 2891 silentio
560 2820 785 2891 severitatem
801 2820 948 2913 professi
963 2830 1044 2889 sunt
1060 2819 1228 2911 illamque

213 2966 314 3039 paene
342 2945 574 3036 ignorarunt3
603 2945 776 3038 optimum
805 2944 987 3015 duxerunt
1019 2955 1133 3014 vatem
1166 2945 1226 3036 qui

214 3070 404 3161 plurimum
431 3078 572 3162 saperet
590 3067 643 3162 (in
662 3069 874 3157 Menandro,
896 3085 1007 3162 oeoq„
1032 3067 1091 3163 i);
1112 3090 1226 3162 neque

212 3198 257 3268 de
277 3207 351 3268 arte
369 3196 428 3265 itta
445 3195 639 3288 quidquam
655 3208 835 3284 curarunt,
853 3196 919 3265 nisi
935 3218 1042 3288 quum
1064 3194 1226 3266 homines

211 3322 295 3392 anili
313 3321 567 3414 superstitione
583 3331 748 3413 tanquam
767 3321 978 3413 gravissimo
1000 3321 1122 3391 morbo
1142 3342 1224 3413 cap-

213 3459 266 3518 tos
283 3447 500 3516 inducerent·
514 3447 572 3537 (V.
597 3445 780 3518 Menandri
801 3447 936 3517 fabulas
956 3446 1086 3538 quibus
1104 3447 1225 3516 inscri-

248 3709 286 3778 00)
311 3707 399 3779 Apud
420 3707 646 3780 Aristophanem
659 3711 691 3762 de
705 3711 844 3773 crocotis*
854 3707 1051 3778 vide-Paceni,
1070 3709 1138 3764 0070
1153 3715 1182 3762 et
1196 3726 1221 3763 s,

211 3808 341 3877 Equites,
359 3807 391 3863 60
415 3814 444 3862 et
461 3824 498 3872 s.‚
520 3808 590 3872 000,
607 3808 656 3864 060
673 3814 701 3862 et
716 3824 741 3862 s.
757 3809 931 3875 testati-ota,
947 3808 1008 3864 780.
1033 3810 1070 3862 De
1088 3809 1223 3876 famelicis

212 3905 346 3970 hericiis,
363 3906 429 3961 vide
445 3908 476 3960 cie
490 3907 624 3976 temporie
638 3909 717 3970 Acer,
735 3905 803 3970 530,
828 3905 894 3971 088,
909 3908 941 3960 de
957 3907 1092 3973 Hierocle,
1109 3909 1221 3972 Pacem,

212 4002 292 4068 0006,
313 4005 345 4059 de
363 4006 487 4074 Euryale,
515 4007 628 4076 Vespos„
652 4004 738 4070 0009,
757 4005 882 4076 denique
901 4004 936 4058 de
957 4006 1072 4086 vatibus
1087 4005 1222 4060 omnibus

213 4105 296 4169 Nob„
314 4104 366 4160 333
381 4111 410 4160 et
424 4122 449 4160 s,
468 4107 572 4176 Equit,
589 4103 668 4169 0068,
685 4105 736 4161 sed
752 4106 824 4161 duas
841 4105 964 4160 maxime
978 4121 1090 4160 scaenas
1104 4105 1223 4177 lepidis-

213 4201 288 4261 sime
303 4210 332 4265 et
346 4204 479 4267 iuventas
494 4211 523 4258 et
536 4206 660 4283 scriptas
674 4208 748 4270 Acen,
766 4205 818 4260 060
832 4210 862 4262 et
871 4220 906 4269 s.,
919 4211 948 4263 et
957 4201 1063 4268 Paceni,
1077 4200 1146 4261 0003
1157 4211 1185 4258 et
1196 4221 1220 4260 s,
