3094 4970
706 515 865 576 ..41-

275 657 435 730 oratioue
453 653 640 748 explanat3
661 653 720 723 ubi
737 675 823 724 vero
839 651 1012 724 Mercurio
1031 653 1205 745 quidquid
1227 655 1289 737 im·

274 792 435 877 peratum
451 769 508 850 'est
526 779 726 865 recusavit,
748 779 843 870 quod
863 801 971 848 uuum
989 777 1118 849 misero
1137 777 1289 848 liberum

275 917 350 977 erat
375 905 555 992 relictum,
586 925 625 974 os
654 900 791 998 (στόμα)
815 903 1010 991 clauditur3
1041 912 1076 972 et
1097 903 1181 995 ipse·
1199 902 1292 973 circa

271 1033 375 1125 jactis
394 1032 602 1103 fulminibus
615 1032 814 1118 ambustus,
833 1032 984 1124 saxique
1000 1031 1111 1101 ruinis
1127 1032 1289 1117 obrutus,

276 1167 311 1228 et
333 1158 417 1227 dum
447 1157 565 1228 omnia
595 1128 802 1249 quatiuntur
829 1156 949 1226 animo
974 1155 1226 1241 inconcussus,
1256 1156 1293 1226 in

275 1282 408 1353 Tartari
440 1283 603 1353 tenebras
638 1282 874 1374 immergitur.
911 1323 957 1333 «-
988 1282 1080 1352 Sane
1113 1303 1183 1354 non
1215 1282 1293 1352 sine

276 1405 425 1479 oonsilio
455 1406 544 1476 duas
581 1405 658 1476 illas
694 1417 812 1500 partes
847 1415 882 1476 et
919 1407 954 1476 in
986 1418 1136 1498 utraque
1173 1428 1293 1500 aequa·

277 1532 382 1603 bilem
438 1554 667 1625 personarum
721 1532 823 1603 istam
878 1532 1162 1603 contrarietatem
1213 1532 1294 1602 lecit

276 1656 491 1751 AEschylus3
547 1678 663 1749 noque
712 1656 920 1750 imprudens
976 1658 1107 1751 primas
1162 1657 1294 1748 ubique

277 1780 345 1852 deo
379 1779 586 1851 vaticinanti
620 1780 718 1851 dedit
743 1791 778 1850 et
821 1782 996 1852 actionem
1026 1803 1064 1852 re
1096 1803 1202 1873 quam
1234 1781 1293 1853 itte

277 1905 356 1991 scit,
376 1904 553 1975 interdum
581 1904 717 1998 incipit,
739 1904 896 1997 denique
927 1904 1029 1992 silet,
1052 1916 1193 1977 omnem
1215 1907 1293 1975 lun·

234 2109 236 2113 ,
278 2030 389 2102 davit.

328 2155 377 2226 De
404 2162 544 2225 servata
565 2152 683 2223 sabula
699 2153 881 2227 hactenus.
909 2154 947 2223 ln
967 2155 1157 2225 Prometheo
1174 2156 1292 2242 soluto,

278 2301 479 2375 quanquam
491 2279 648 2372 locuples
664 2289 786 2350 auctor
807 2276 859 2374 (l)
875 2281 982 2350 nimia
999 2278 1149 2352 sortasse
1165 2279 1294 2352 fiducia

278 2405 1293 2499 cumcontenditstructuraipsepersonarumquenumero

278 2551 319 2601 ac
333 2531 469 2602 ratione
486 2552 567 2600 cum
587 2534 693 2600 uincto
705 2551 917 2620 congruere,
930 2540 1047 2600 tamen
1063 2531 1187 2601 eadem
1208 2553 1294 2603 sane

279 2654 344 2725 fuit
360 2655 417 2725 dei
437 2655 590 2745 indoles,
607 2654 703 2724 idem
713 2654 861 2724 actionis
875 2655 1157 2745 fundamentum,
1168 2676 1211 2727 ac
1223 2656 1294 2728 lor-

279 2788 373 2851 tasse
395 2780 490 2851 idem
509 2778 680 2851 orationis
700 2789 814 2851 tenor.
833 2778 1024 2849 Notissimo
1041 2800 1161 2868 versu,
1186 2782 1295 2877 ἕχθροῦ

278 2907 393 3002 πατρός
406 2934 457 3000 pot
472 2895 565 2974 τοῦτο
581 2905 731 2999 φίλτατον
747 2910 867 2994 τέκνον,
880 2889 1081 2977 Οεῑθῐιᾶἰῐιπ
1093 2904 1223 2977 invicta
1238 2906 1294 2978 vis

279 3027 388 3098 animi
415 3037 450 3099 et
469 3027 593 3099 eadem
613 3049 694 3120 quae
713 3039 817 3099 antea
837 3028 872 3098 in
894 3028 1056 3119 juvando
1077 3028 1293 3127 benignitas,

281 3152 406 3223 eadem
427 3152 462 3222 in
483 3153 689 3224 reluctando
709 3153 918 3225 constantia.
940 3153 1080 3225 Scilicet
1099 3166 1134 3224 et
1158 3155 1236 3227 Jovi
1256 3177 1297 3226 se

281 3278 520 3349 necessarium
529 3279 646 3350 adhuc
654 3290 756 3373 putat
767 3267 978 3371 adjutorem,
993 3281 1150 3351 etamico
1161 3281 1294 3351 inimici

281 3401 355 3474 filio
374 3404 458 3475 artis
477 3402 650 3475 beneficia
669 3405 837 3496 largitur,
861 3425 1062 3498 vagumque
1077 3404 1170 3475 Ionis
1186 3427 1294 3500 nepo-

283 3537 355 3600 tem
382 3530 427 3601 de
454 3530 618 3602 omuibus
645 3551 770 3601 cursus
799 3530 963 3624 periculis
990 3531 1170 3602 admonet.
1195 3530 1294 3601 Viam

283 3664 400 3726 autem
419 3677 500 3748 quae
515 3657 560 3727 ad
578 3657 665 3726 iram
681 3656 764 3728 olim
783 3658 946 3746 duxerat,
969 3656 1130 3727 eamdem
1148 3656 1294 3728 adcon·

283 3778 496 3851 ciliationem
518 3780 674 3875 patuisse
704 3781 939 3874 suspicamur.
968 3780 1033 3853 Ubi
1067 3780 1161 3852 enim
1192 3782 1300 3875 quid-

321 4063 358 4134 (l)
379 4061 512 4132 Kolisch‚
528 4065 779 4132 dammaturus,
798 4062 868 4136 XII,
884 4082 914 4138 p.
930 4065 963 4121 73
979 4072 1049 4123 ets.
1067 4087 1074 4121 ι
1089 4065 1149 4122 Der
1165 4063 1299 4122 Porotta-

284 4164 384 4218 tomus
404 4162 457 4220 des
471 4164 614 4236 geloesten
628 4163 821 4221 Prometheus
834 4163 887 4221 mit
900 4164 965 4220 dem
984 4164 1169 4237 gefcssclten.
