3094 4970
705 503 744 517 ..
765 471 803 532 45
826 505 865 517 ..

276 612 339 684 sed
358 633 467 704 quum
488 609 531 680 iis
556 618 671 703 pateat
690 608 852 701 quaedam
871 608 928 677 via
949 630 1060 701 usqne
1079 610 1125 680 ad
1144 608 1288 680 Cassan-

277 734 351 808 drae
378 732 681 821 vaticinationem,
709 753 777 802 non
809 731 933 803 inutile
957 742 1010 802 est
1037 754 1159 803 eorum
1192 741 1289 804 certe

276 860 431 934 indolem
443 859 598 931 breviter
608 857 832 929 adumbrare.
847 858 1051 929 Dominatur
1062 881 1148 930 sane
1163 860 1199 929 in
1219 859 1290 930 illis
1328 936 1333 941 ,

277 985 395 1077 aliqua
414 982 576 1054 instantis
590 982 671 1051 mali
682 982 879 1074 expectatio
891 1003 997 1074 qnam
1012 982 1159 1053 secundi
1170 1004 1289 1055 rernm

278 1118 429 1194 eventus
443 1114 548 1198 atque
567 1106 642 1201 ipsa
661 1106 754 1198 regis
772 1106 965 1200 praesentia
983 1128 1053 1178 non
1072 1107 1209 1194 minuit,
1224 1106 1289 1178 sed

230 1233 232 1238 ⁸
278 1243 384 1326 auget
413 1233 450 1307 el
478 1234 647 1305 acriorem
678 1212 771 1303 lacit.
805 1232 1011 1303 Praemetuit
1038 1233 1133 1304 enim
1160 1233 1291 1305 chorus

278 1380 386 1451 quum
399 1360 544 1430 deorum
557 1359 642 1428 itam
655 1354 733 1452 (ἄγα
746 1359 841 1426 θεόθεν
862 1355 946 1447 131,
961 1357 1084 1452 μνάμων
1099 1367 1186 1451 μῆνις
1203 1357 1289 1445 155,

279 1486 325 1557 cl.
338 1483 565 1576 Pompam)
582 1495 653 1554 tum
671 1482 795 1552 iuriam
813 1482 958 1553 sceleris
973 1483 1137 1576 pretium,
1148 1482 1293 1554 sceleris

279 1630 420 1680 causam
437 1607 547 1704 (μέγαν
559 1607 653 1686 οἴκοις
664 1601 771 1676 τοῖσδε
781 1602 916 1702 δαίμονα
930 1604 1016 1675 1181
1027 1660 1037 1694 ,
1049 1608 1095 1677 cl.
1112 1604 1223 1696 1168;
1241 1646 1288 1661 -·

281 1735 423 1828 ἀλάστωρ
440 1731 547 1819 1508,
557 1734 603 1803 cf.
620 1729 714 1829 1502
724 1755 733 1817 ;
745 1770 794 1783 -
806 1736 898 1826 pelag
914 1727 1006 1826 Ἄρης
1019 1731 1107 1799 1511
1122 1755 1131 1817 3
1145 1772 1190 1783 -
1204 1726 1294 1805 δίκην

283 1857 407 1953 1535),
429 1858 586 1949 deasque
602 1858 722 1927 domui
744 1855 946 1926 Atridarum
968 1857 1106 1927 additas
1128 1857 1164 1925 in
1184 1858 1292 1926 aliam

280 2001 352 2051 non
369 1982 580 2052 avertendas
592 1979 705 2075 (1572
720 1981 770 2051 Cf.
789 1979 920 2050 ἄσκοποι
939 1976 1003 2050 θεοί
1022 1984 1162 2050 κελαιναὶ
1177 1976 1293 2076 δ”Ερι-

282 2109 346 2185 νόος
360 2103 486 2177 162-
497 2109 705 2202 ὑστερόποινον
776 2102 886 2201 Ἐρινὺν
899 2105 961 2192 58,
975 2116 1011 2176 et
1027 2128 1138 2199 quum
1150 2105 1297 2176 Cassan·

283 2229 357 2300 drae
372 2234 426 2299 τὸν
437 2225 538 2298 δὀἷνοο
545 2234 637 2324 λύρας
703 2233 805 2325 θρῆνον
823 2225 951 2324 Ἐρινύος
961 2229 1045 2317 990,
1055 2239 1130 2300 tum
1142 2230 1297 2325 Clytem.

283 2365 412 2426 nestrae
431 2355 540 2426 verba
556 2351 654 2430 Ἀτην
676 2350 786 2450 Ἐρινύν
799 2352 840 2446 {re
861 2351 984 2451 ll33).
999 2356 1066 2426 Fac
1082 2355 1297 2450 Sophoclem

284 2490 345 2550 ant
362 2480 564 2573 Euripidem
583 2480 673 2550 hanc
692 2501 764 2550 rem
783 2478 961 2571 attigisse3
982 2502 1087 2572 quam
1110 2480 1300 2574 probabile

284 2604 379 2697 apud
395 2604 473 2676 illos
485 2604 590 2675 etiam
605 2603 702 2674 chori
721 2603 880 2697 partibus
896 2603 1044 2673 multum
1061 2624 1140 2674 esse
1157 2604 1294 2692 datum,

284 2730 348 2800 sed
369 2752 484 2822 neque
503 2730 626 2800 eadem
647 2730 783 2800 ratione
804 2751 920 2820 neque
940 2750 1046 2800 causa
1059 2730 1207 2800 eadem?
1224 2729 1297 2799 Ad·

284 2853 389 2923 inerit
407 2854 514 2923 credo
533 2853 630 2923 testis
649 2853 708 2922 ille
724 2853 926 2944 argivorum
947 2875 1087 2939 rerum,
1109 2856 1169 2947 qui
1190 2854 1299 2947 quid·

285 2979 372 3070 quid
391 2978 536 3048 absente
549 2999 631 3069 rege
646 2978 775 3047 sactum
787 2979 846 3063 sit,
864 2979 1034 3065 rescierit,
1049 2990 1084 3048 et
1096 3002 1167 3050 uno
1184 2980 1300 3053 verbo

285 3104 402 3195 priora
427 3102 557 3194 flagitia
583 3115 759 3193 retegere,
785 3104 901 3173 scelus
928 3112 1088 3195 paratum
1124 3105 1301 3196 impedire

285 3233 416 3323 possit3
439 3219 555 3324 neque
573 3243 649 3302 arte
664 3253 728 3302 neo
745 3232 920 3323 gravitate
937 3234 1089 3303 caruerit
1105 3233 1191 3303 illud
1208 3244 1299 3304 trac·

286 3356 403 3426 landae
424 3356 551 3426 lahulae
574 3377 700 3447 genos.
722 3355 790 3426 Sed
811 3355 906 3425 aliud
929 3355 1074 3427 omnino
1097 3357 1298 3451 AEschylos.

286 3481 357 3551 Nec
377 3481 463 3551 tanti
480 3482 561 3552 lecit
575 3481 684 3552 verba
701 3480 759 3549 illa
776 3480 926 3574 posteris
943 3482 1054 3553 multo
1071 3483 1302 3575 jucundiora,

287 3627 436 3698 quorum
456 3616 510 3676 est
523 3627 649 3677 sensus
668 3606 802 3698 duplex
822 3627 1045 3699 quorumque
1065 3607 1159 3678 circa
1178 3608 1303 3678 amba-

287 3751 349 3822 ges
365 3731 486 3801 ludere
497 3733 587 3801 solet
597 3731 842 3802 etauditorum
859 3741 894 3802 et
905 3742 1017 3825 poetae
1029 3732 1212 3824 ingenium
1226 3729 1300 3829 (l).

327 3931 361 4000 tlt
380 3929 481 3998 Qualia
496 3937 565 3987 sunt
578 3930 673 4003 aliqua
687 3932 790 3986 Nuntii
800 3933 855 4001 (36)
871 3933 916 3987 vel
931 3934 1145 4002 dtptcmncstra,
1160 3935 1217 3989 etsi
1234 3933 1307 3990 talia

289 4036 370 4083 erant
383 4030 513 4100 inhujus
528 4028 691 4101 effingenda
703 4029 800 4084 indole
815 4047 896 4101 paene
913 4032 1030 4086 omuino
1047 4031 1212 4087 necessaria
1223 4031 1304 4102 (911,

288 4127 324 4181 ὡς
334 4126 363 4175 ἀν
375 4130 464 4189 ἡγῆται
475 4127 560 4186 δίκη...
573 4126 627 4188 973,
641 4130 686 4179 Ζεῦ
699 4131 746 4179 Ζεῦ
760 4129 846 4181 τέλειε.
859 4156 889 4165 -
910 4127 984 4191 1057,
997 4131 1100 4190 ἕστηκεν
1112 4131 1159 4191 ἤδη
1175 4130 1261 4194 μῆλα).
