3094 4970
734 526 893 588 ..88-

307 662 486 769 ξυνωρίδος,
501 662 594 736 obus
609 686 713 758 quem
732 642 827 758 pium
845 663 956 754 magis
972 662 1327 756 constantioremque

308 792 346 863 in
364 793 509 885 pristina
525 790 723 862 fide'lnisse
735 789 827 859 inter
845 810 969 860 omnes
986 787 1174 877 convenit,
1195 789 1321 860 Jovern

310 918 497 1012 quemdam
527 917 685 1009 iniquum
703 926 739 985 et
758 915 986 1009 impotentem
1013 914 1206 1008 expressit3
1230 915 1326 985 alter

156 1030 160 1037 ’
195 1114 202 1135 κ
308 1064 414 1137 quem
432 1041 576 1113 omnino
603 1039 803 1111 liberiorem
826 1038 997 1130 religione
1017 1037 1234 1132 deorumque
1255 1060 1317 1131 pa-

308 1168 454 1239 triorum
484 1166 736 1257 exagitatorem
760 1164 919 1250 faciunt,
942 1185 1027 1237 ¹non
1061 1166 1166 1235 modo
1195 1186 1317 1236 eorum

307 1303 401 1364 sarta
420 1302 509 1362 tecta
525 1289 699 1377 defendit,
711 1288 773 1359 sed
793 1308 892 1359 sacra
903 1308 922 1358 a
935 1288 1154 1382 pbilosophis
1169 1289 1322 1360 maxime

307 1417 522 1511 reprehensa
531 1427 566 1486 et
577 1414 831 1486 recentioribus
843 1413 1219 1506 suspectacelcbravit.
1230 1413 1322 1496 Quae

307 1542 372 1611 luit
387 1542 493 1634 igitur
511 1539 668 1632 Euripidi
691 1547 797 1608 tantae
816 1538 1062 1609 inconstantiae
1082 1541 1213 1609 causa‘?
1229 1539 1317 1609 Nam

306 1668 457 1761 priorem
480 1666 525 1737 de
541 1666 595 1736 dis
618 1665 820 1757 opinionem
838 1686 908 1735 uon
923 1664 1145 1756 abjudicavit
1159 1664 1217 1734 ille
1235 1685 1319 1758 spc-

306 1791 393 1861 ciosi
413 1789 518 1861 oflicii
535 1811 639 1860 causa
658 1787 726 1885 (l),
740 1811 855 1882 neque
877 1788 947 1859 ullo
964 1788 1118 1859 credulae
1137 1811 1316 1882 saevaeque

305 1915 499 2008 plebeculae
524 1916 649 1985 timore
670 1913 865 2004 adductae,
885 1901 1052 2007 quoniam
1069 1915 1165 2006 apud
1180 1912 1314 1985 Arche·

304 2040 399 2111 laum
421 2040 591 2133 degebat,
620 2053 654 2111 et
678 2040 916 2112 innonnullis
943 2038 1091 2110 aliarum
1117 2039 1313 2110 fabularum

303 2164 391 2234 locis
406 2166 478 2255 Jam
497 2164 658 2234 eamdem
679 2164 890 2234 seutentiam
918 2164 1092 2234 invenias
1111 2163 1199 2234 Vide
1224 2186 1315 2256 quos

304 2288 406 2359 allert
422 2286 707 2378 Naegelsbachius
728 2289 773 2355 N.
797 2287 851 2372 T.‚
870 2311 904 2378 p.
928 2284 1010 2357 463.
1030 2287 1116 2370 Quae
1127 2286 1314 2358 difficultas

304 2422 344 2481 ut
363 2411 596 2504 expediatur,
622 2411 666 2480 ad
695 2421 892 2505 temporum
921 2411 1200 2482 immutationem
1219 2433 1312 2482 com-

304 2557 518 2628 munemque
557 2535 671 2606 aetatis
702 2535 912 2607 seutentiam
954 2535 1238 2629 respiciendum,
1278 2548 1344 2617 et,
1429 2536 1438 2557 ‘

303 2661 455 2755 primum
486 2661 652 2750 historia,
686 2660 818 2731 deinde
843 2660 1008 2732 volontas
1032 2660 1209 2754 Euripidis
1233 2661 1312 2731 dili-

302 2784 444 2879 gentius
463 2797 518 2856 est
537 2785 786 2877 expendenda.

246 2950 249 2956 ·
351 2911 464 2993 Quum
495 2912 645 3004 primum
672 2910 914 3004 auspicaretur
941 2932 1044 2982 suum
1071 2931 1160 3004 opus
1185 2921 1307 3004 poeta,

303 3035 504 3106 cavendum
534 3032 619 3104 sane
652 3035 789 3105 fuitne
828 3033 1096 3107 Atheniensium
1131 3034 1309 3127 ingenium

302 3159 338 3229 io
355 3158 669 3252 pulcherrimarum
698 3181 813 3229 rerum
839 3159 1073 3231 admiratione
1103 3160 1307 3254 langueret,

301 3294 337 3357 ct
355 3285 528 3379 praeterita
542 3285 650 3377 gloria
663 3285 920 3378 praeteritisque
936 3285 1063 3376 opibus
1078 3295 1282 3355 contentum
1298 3340 1307 3372 ,

300 3409 368 3480 sibi
389 3409 480 3481 male
495 3408 669 3498 diffisum,
691 3409 850 3500 vestigiis
869 3408 943 3479 suis
962 3419 1089 3493 staret,
1110 3409 1166 3478 vel
1192 3410 1309 3502 potius

301 3535 390 3605 infra
416 3557 498 3605 suas
523 3535 617 3605 vires
642 3534 841 3627 famamque
867 3554 966 3604 suam
993 3534 1186 3604 recederet.
1222 3533 1309 3604 Tum

299 3661 484 3755 Euripides
503 3661 631 3753 impius
649 3681 893 3751 novarumque
910 3680 1028 3729 rerum
1047 3679 1156 3753 prave
1171 3659 1307 3730 studio·

297 3810 361 3860 sus
389 3788 535 3857 fortasse
564 3786 713 3857 audivit.
744 3786 859 3873 Quum
887 3806 974 3856 vero
1002 3795 1196 3856 extremam
1225 3785 1310 3856 vitae

298 3922 429 3983 metam
441 3912 755 4005 appropinquaret,
772 3911 917 3983 omnino
929 3909 997 3980 alia
1015 3909 1145 4003 populo
1161 3908 1307 3980 vitanda
1360 4008 1362 4012 .

340 4194 374 4266 u)
391 4193 460 4251 viu.
474 4192 570 4259 naun,
586 4191 639 4264 iv,
655 4191 785 4249 art-ata.
845 4144 848 4149 ἵ
