3056 4976
727 452 886 515 *26-

300 594 438 675 medius
466 593 560 686 regis
580 591 761 672 tumulus‘.l
786 587 889 674 Quod
918 589 949 660 si
967 593 1311 688 parentemimperii

298 743 401 795 orare
415 720 568 815 placeret
581 717 616 787 in
628 716 765 799 incerto
779 713 936 808 periculo
951 713 1081 812 (220),¹
1091 728 1224 811 quanto
1237 740 1310 803 ma·

296 846 351 939 gis
371 843 438 917 hoc
462 841 687 917 retinendum
704 840 772 923 luit
793 840 829 909 in
850 841 1017 933 praesenti
1040 863 1158 914 rerum
1181 843 1311 938 iniqui,-

298 982 384 1060 tate,
394 989 533 1064 quuma
546 967 695 1071 pristino
709 966 770 1038 illo
782 965 916 1038 victore
927 987 999 1039 uno
1014 967 1106 1050 mali,
1114 969 1310 1050 remedium

298 1093 496 1188 exspectari
535 1103 652 1187 posset
679 1088 792 1186 (ssdl,
819 1091 846 1160 εἰ
871 1091 927 1188 γάρ
952 1120 986 1161 τι
1009 1103 1112 1169 κανῶν
1140 1091 1217 1188 ἄχος
1245 1089 1310 1171 οἶδε

297 1221 410 1308 nanto,
432 1221 521 1314 μόνος
550 1215 585 1286 ἄν
613 1220 728 1292 θνητῶν
757 1219 847 1312 πέρας
873 1215 972 1305 εἴποι,
1002 1215 1052 1287 Cl.
1080 1216 1152 1286 787
1177 1227 1212 1289 el
1234 1216 1307 1313 S.)l

296 1344 370 1423 lmo
407 1364 526 1414 nonne
563 1324 601 1410 id
637 1339 876 1417 necessarium
910 1339 976 1410 luit
1010 1339 1047 1411 in
1080 1340 1197 1413 tabula
1228 1360 1310 1436 quae

296 1477 368 1541 tota
385 1468 569 1560 utriusque
589 1462 683 1557 regis
701 1485 891 1557 rerumque
908 1464 954 1535 ab
974 1473 1124 1558 utroque
1150 1473 1307 1541 actarum

294 1593 577 1666 contrarietatem
612 1589 792 1680 sonabat,
818 1587 887 1660 hoo
918 1589 1147 1663 fundamento
1183 1589 1308 1663 inuite-

293 1717 418 1804 batur,
439 1715 592 1808 ideoque
609 1713 654 1785 ab
673 1712 784 1788 altero
803 1713 950 1793 feliciter
969 1724 1005 1787 et
1029 1714 1197 1808 praeclare
1214 1715 1306 1797 lacta

299 1842 475 1914 referebat
506 1850 544 1910 ut
580 1838 728 1919 alterius
762 1839 949 1933 imperium
980 1861 1021 1911 ac
1056 1840 1192 1913 cladem
1215 1840 1304 1923 inlus

293 1976 407 2039 maret
425 1963 498 2062 (l).
519 2005 568 2017 -
586 1963 677 2056 Ergo
705 1963 814 2057 priori
842 1963 941 2037 chori
970 1964 1117 2037 carmini
1141 1961 1231 2061 (532
1258 1968 1304 2055 a.)
1388 1978 1391 1993 '

291 2090 410 2163 statim
432 2090 506 2175 lere
523 2088 700 2182 posterius
720 2085 804 2183 (623
824 2086 870 2181 s.)
887 2088 1043 2178 additur,
1060 2088 1156 2182 quod
1176 2089 1214 2169 iu
1233 2098 1303 2169 tra,-

291 2213 419 2307 goediis
441 2213 633 2284 admodum
653 2233 733 2284 raro
752 2210 827 2283 fieri
849 2212 939 2284 solet
957 2222 1201 2307 attentumque
1225 2213 1302 2293 aui?

292 2361 388 2410 mum
405 2339 521 2410 lacere
538 2334 683 2428 debuil3
704 2337 774 2408 imo
786 2337 828 2419 iu
848 2337 915 2411 hoc
933 2338 1088 2420 carmine
1107 2349 1149 2413 et.
1159 2338 1302 2413 musicis

290 2485 377 2537 sane
397 2484 487 2557 quos
510 2461 714 2554 ignoramus
733 2461 861 2552 modis,
884 2474 920 2535 et
947 2463 1023 2557 ipsc
1044 2464 1150 2537 totius
1169 2485 1301 2557 genere

290 2589 389 2684 quod
407 2588 494 2671 mire
510 2587 653 2682 plenum
674 2588 1009 2681 interrogationibus
1026 2589 1156 2661 mixtos
1173 2589 1300 2680 graecis

289 2714 458 2786 barbaros
476 2711 574 2804 (635,
586 2709 768 2809 Βοὶρὸαρα...
781 2712 824 2784 τὰ
841 2714 1077 2790 παναίολάἰανῆ
1099 2708 1226 2810 δύσθροα
1242 2715 1301 2802 βοί·

286 2869 394 2936 γματα
411 2838 462 2909 Cf.
486 2835 577 2927 687,
598 2836 793 2933 ψυχαγωγοῖς
813 2839 999 2934 ὀρθιᾶσοντες
1014 2837 1114 2937 γόοις)
1136 2838 1244 2911 habel
1263 2847 1300 2923 et
1323 2896 1327 2905 .

288 2984 405 3037 mores
432 2971 467 3033 et
497 2981 604 3032 voces
640 2969 676 3031 et
704 2960 813 3052 deos,
836 2961 1093 3036 admonebatur
1121 2973 1297 3059 spectator

289 3114 422 3165 novum
441 3090 577 3184 aliquid
597 3111 682 3162 mox
699 3106 778 3162 esse
795 3093 1077 3186 proponendum.
1099 3133 1148 3151 --
1163 3094 1235 3167 Nec
1246 3094 1296 3174 le2

286 3225 428 3310 gentem
451 3214 507 3287 vel
528 3236 622 3288 nunc
634 3214 729 3306 'fugit
748 3216 894 3290 omnino
913 3216 1008 3310 quali
1028 3217 1151 3291 habitu
1170 3219 1295 3293 Darius

279 3340 543 3415 ›Atheniensum
568 3361 630 3414 ora
652 3352 896 3433 converterem
924 3343 1040 3414 stabau
1068 3344 1212 3438 quidem
1237 3355 1294 3421 tu·

285 3468 382 3539 mulo
407 3487 571 3560 egressus
601 3477 636 3538 et
659 3476 741 3558 toga
766 3467 853 3538 tiara
880 3467 1080 3562 calceisque
1099 3491 1294 3564 agnoscen-

284 3591 372 3680 uus,
400 3592 530 3665 vestitu
554 3588 709 3665 Asiatico
738 3603 774 3663 et
800 3602 926 3665 ornatu
955 3596 1064 3689 regali
1088 3597 1291 3692 spectabilis

283 3713 386 3812 (659,
408 3709 475 3789 ἔλθ’
490 3711 542 3786 ἐπ(
563 3714 653 3812 ἄκρον
677 3711 826 3813 κόρομὸον
846 3718 954 3812 ὄχθον,
970 3716 1181 3815 αοοαόὸαααον
1200 3715 1296 3804 ποδὸς

322 3994 357 4068 tl)
367 3993 405 4050 Vr
417 3993 531 4063 (lirard,
542 3995 695 4063 Santtmaat
706 3997 849 4066 roteneco,
862 4014 891 4070 p.
905 3996 968 4056 tao.
980 3996 1022 4055 Gi.
1034 4016 1062 4054 v.
1075 4001 1136 4066 554,
1148 4001 1211 4066 652,
1225 4000 1291 4069 toa,

283 4092 346 4159 760,
358 4091 421 4161 tat,
437 4091 489 4150 tat
503 4096 533 4148 et
546 4108 583 4160 s..
600 4092 663 4161 852,
679 4100 709 4150 et
721 4102 917 4165 caueamur,
931 4094 995 4163 cot,
1006 4096 1072 4165 672,
1085 4098 1148 4165 ott,
1235 4150 1238 4155 ,
1279 4156 1284 4165 2
