3094 4970
607 449 765 516 -51..

184 589 230 660 de
248 588 356 660 rebus
370 587 535 659 humanis
562 589 722 682 queritur
738 610 827 682 quas
842 611 1049 683 permagnas
1066 594 1190 665 umbra

180 712 328 799 evertit,
358 724 485 785 tenues
516 710 573 810 (l)
604 713 703 786 velut
729 713 913 807 scripturae
944 715 1073 788 lineam
1097 718 1191 809 jacta

182 838 332 932 spongia
351 838 509 927 sustulit,
524 838 619 931 qnod
640 838 784 932 quidem
803 848 857 910 est
877 840 987 913 multo
1007 842 1190 913 miserabi-

168 963 262 1035 lius.
286 962 436 1046 Querela
462 972 580 1034 autem
608 963 666 1034 illa
694 985 765 1035 non
785 964 1054 1037 vaticinantium
1084 968 1191 1040 modo

178 1088 471 1160 consuetudinem
492 1097 605 1176 tenet,
628 1109 780 1182 quorum
797 1090 907 1160 verba
929 1100 1040 1163 morte
1063 1112 1191 1186 appro-

180 1218 373 1311 pinquante
391 1239 462 1288 non
480 1217 525 1288 ad
545 1240 654 1289 unum
667 1218 731 1289 sed
747 1217 793 1289 ad
805 1240 929 1290 omnes
946 1221 1123 1314 pertinent
1135 1218 1190 1317 (2)

180 1342 354 1434 (dolorem
370 1343 465 1414 enim
481 1368 499 1411 u
516 1353 554 1413 ut
571 1343 669 1415 levat
687 1344 721 1413 in
743 1364 866 1437 parva,
880 1355 987 1437 anget
1007 1346 1042 1415 in
1063 1366 1190 1438 magna

180 1480 298 1540 mente
316 1469 514 1541 communis
532 1470 634 1562 quasi
660 1467 749 1562 legis
766 1481 802 1539 et
821 1469 989 1542 humanae
1016 1470 1189 1544 conditio-

180 1592 235 1663 nis
252 1594 449 1666 recordatio
472 1592 534 1688 »),
561 1593 748 1665 sedetiam
770 1595 866 1686 quod
885 1595 1017 1667 Graecis
1037 1596 1192 1668 maxime

178 1717 357 1812 placebat,
379 1718 650 1791 concitationem
681 1740 822 1797 ornnem
850 1720 957 1790 animi
988 1722 1192 1793 consedisse

178 1843 351 1934 ostendit,
373 1856 564 1938 vatemque
594 1866 706 1937 nuper
726 1845 796 1916 deo
820 1846 1005 1937 gravidum
1036 1867 1130 1918 nuno
1148 1867 1192 1920 eo

179 1968 334 2040 liberari.
364 1969 446 2041 Mox
471 1968 560 2040 liunt
580 1969 740 2040 nuntiata
765 1969 968 2064 intermisso
995 1971 1069 2042 fere
1089 1970 1186 2043 nullo

179 2095 347 2189 temporis
362 2095 477 2188 spatio
491 2095 583 2167 inter
602 2095 713 2167 verba
735 2106 771 2166 et
791 2116 879 2186 rem,
896 2106 957 2165 aut
979 2106 1016 2165 ut
1031 2095 1089 2165 hic
1105 2117 1192 2167 vere

178 2219 334 2314 dicatur,
356 2220 449 2292 inter
471 2243 555 2290 cuso
582 2230 617 2292 et
639 2231 813 2314 porrecta,·
833 2220 951 2291 omnia
974 2231 1192 2313 peraguntur

177 2365 259 2438 quae
282 2345 359 2417 sive
376 2346 443 2438 ipsi
463 2345 742 2437 augurabantur,
760 2345 838 2415 sive
862 2365 882 2414 a
906 2343 1104 2416 Cassandra
1125 2365 1190 2414 au·

177 2468 316 2541 dierunt
334 2492 438 2542 senes
459 2469 586 2563 (ll88,
607 2468 816 2566 θεόκραντον),
834 2491 923 2561 gens
939 2470 1064 2542 infelix
1083 2469 1188 2541 simul

177 2603 215 2667 ot
252 2595 422 2666 scelerata
454 2596 585 2665 mutuis
619 2595 777 2666 caedibus
818 2595 976 2666 nondum
1012 2592 1118 2667 desiit
1151 2615 1191 2666 se

181 2742 314 2792 vexare
333 2718 477 2816 (⁴573),
495 2721 641 2814 jamque
667 2720 811 2792 domum
837 2719 950 2812 quatit
972 2719 1085 2789 imber
1109 2739 1189 2789 sun·

177 2845 328 2938 guineus
348 2844 488 2941 (l533).
906 2922 909 2928 A

227 2970 278 3041 De
304 2972 397 3041 odoro
425 2969 513 3039 nihil
538 2968 694 3041 diximus
720 2969 782 3062 qni
809 2966 940 3059 dialogi
961 2967 1028 3038 sert
1044 2965 1190 3039 alteram

177 3105 311 3189 partem
329 3107 364 3167 et
377 3094 647 3190 Mycenensium
668 3092 838 3188 populum
859 3102 1103 3185 repraesentat.
1120 3092 1192 3162 Pri-

176 3246 273 3296 mum
289 3225 352 3297 vix
368 3245 538 3318 agnoscas
560 3223 658 3295 illum
679 3221 740 3315 qui
761 3243 872 3315 nuper
890 3221 924 3290 in
945 3221 1061 3292 media
1079 3221 1189 3294 victo-

212 3507 247 3581 (1)
266 3506 371 3563 Totum
385 3507 482 3565 locum
491 3505 621 3563 Weilius
634 3503 782 3576 abjudicat
798 3502 967 3561 Cassandra
981 3503 1086 3575 datque
1100 3503 1188 3558 choro

175 3607 320 3663 immerito
334 3620 398 3661 mea
420 3606 538 3678 quidem
558 3604 702 3660 sententia
720 3600 828 3670 (Editio
849 3607 879 3658 et
892 3602 1011 3658 Journal
1027 3605 1087 3671 pto.
1103 3602 1187 3656 lustr.

174 3705 253 3775 pub,
270 3704 357 3771 1860,
373 3724 402 3777 p.
421 3704 494 3771 188).
509 3733 545 3745 -
559 3701 665 3758 Confer
684 3699 865 3774 paupertatis
886 3698 1014 3764 laudem,
1032 3680 1067 3753 in'
1077 3699 1131 3754 hac
1146 3699 1189 3754 fo-

176 3801 245 3857 bula
259 3801 328 3869 774,
345 3802 425 3858 etde
441 3818 507 3859 sera
521 3800 620 3874 populi
637 3799 756 3868 ultione,
772 3796 927 3866 ibid.,456‚
942 3797 1021 3863 1109,
1038 3796 1117 3853 1616.

212 3905 253 3978 (3)
269 3903 312 3961 Cf.
328 3900 449 3968 Herod„
466 3904 490 3958 1.
506 3901 540 3959 86
550 3925 558 3969 ;
570 3899 672 3972 Βορὴ,
688 3898 729 3970 fg.
746 3899 818 3968 Ajuu
831 3897 918 3967 boor„
930 3896 992 3962 150,
1006 3900 1036 3952 et
1046 3900 1189 3951 extremas

175 4005 296 4061 deorum
307 4005 464 4068 orationes,
480 4000 582 4075 Soph„
594 4001 675 4070 Mur,
693 3995 742 4053 131
755 4014 792 4061 sa
803 3997 928 4061 Philam..
947 3996 1014 4051 1110
1025 4011 1062 4061 s.;
1077 3992 1187 4066 Eurip„

179 4105 288 4169 Troud„
305 4105 339 4163 35
356 4120 395 4170 s.,
410 4109 465 4161 etc.
761 4118 764 4127 ’
