3094 4970
721 540 901 600 -tca-

287 678 363 771 prio
379 676 518 749 afflatus
536 699 659 748 omnes
679 698 720 747 ea
741 687 839 770 parte
868 679 1103 770 superaverit.
1124 718 1171 730 -
1195 679 1294 752 Divi·

285 805 464 876 nationem
490 804 584 896 apud
603 803 748 906 Graecoq
773 802 969 895 exagitavit
984 801 1185 895 Euripides,
1205 803 1299 871 invi·

286 939 342 1000 tus
351 929 543 1024 Sophocles
560 928 675 1020 attigit
691 949 891 1021 quanquam
904 949 974 999 non
988 928 1099 998 invita
1114 928 1296 1016 Minerva3

286 1079 422 1127 summa
448 1057 485 1127 vi
514 1056 701 1149 descripsit
730 1056 915 1149 AEsclryius
945 1077 986 1126 ac
1013 1056 1122 1127 veluti
1156 1054 1296 1125 firmum

287 1182 553 1252 fundamentum
586 1182 745 1275 plurimis
779 1181 914 1275 aptavit
944 1180 1116 1272 triiogiis,
1141 1180 1297 1250 facibus·

286 1331 355 1400 que
374 1308 539 1379 omnibus
558 1308 728 1380 orationis
748 1307 917 1378 incendit.
940 1306 1001 1377 Cui
1020 1306 1163 1400 quidem
1181 1317 1301 1400 poctae

287 1433 398 1505 defuit
418 1445 541 1504 neutra
565 1433 685 1521 exiis,
708 1454 796 1525 quas
817 1433 987 1522 diximus,
1009 1433 1293 1519 conditionibus,

287 1559 417 1629 etenim
445 1581 553 1652 quum
587 1560 787 1629 inteream
819 1559 1059 1653 populumque
1088 1559 1134 1628 de
1160 1557 1295 1629 diviua·

288 1684 382 1755 tione
413 1658 667 1772 conveniebat,
695 1675 769 1776 tum
800 1704 899 1754 mens
926 1682 1037 1776 ipsius
1074 1683 1110 1752 iu
1148 1682 1297 1755 deorum

288 1810 434 1881 historia
453 1810 636 1881 habitabat
659 1831 809 1903 eamque
833 1809 869 1878 in
894 1810 1023 1881 saecuia
1044 1810 1298 1897 distribuebat,

289 1937 359 2006 imo
393 1957 596 2029 processum
627 1935 816 2027 quemdam
846 1935 979 2005 divinae
1010 1936 1137 2029 prolis,
1167 1934 1301 2006 divinae

287 2063 392 2132 etiam
418 2063 567 2153 justitiae
593 2084 701 2133 ausus
732 2075 786 2133 est
813 2062 1037 2153 excogitare3
1059 2061 1223 2154 gravitati
1257 2062 1294 2130 in

288 2186 413 2258 eodem
434 2188 616 2259 sinceritas
636 2187 847 2275 addebatur,
865 2188 983 2257 ardori
1004 2187 1172 2258 orationis
1192 2187 1300 2258 animi

291 2314 429 2405 pondus
456 2324 491 2385 et
517 2314 735 2398 constantia,
762 2313 968 2384 certissimis
992 2314 1077 2383 artis
1106 2313 1301 2385 rationibus

289 2439 442 2527 maxima
469 2440 600 2532 ubique
624 2440 771 2510 audacia
798 2449 834 2511 et
858 2440 1054 2533 saepissime
1080 2439 1141 2532 qui
1162 2438 1302 2510 diceba·

290 2573 347 2634 tur
368 2564 508 2651 Bacchi,
535 2587 640 2657 qoem
661 2566 763 2656 cujus
780 2564 837 2635 dei
856 2565 953 2636 voles
973 2565 1090 2635 dicere
1110 2573 1185 2653 est,
1208 2563 1300 2632 diri-

289 2712 355 2760 uus
374 2700 470 2762 certe
489 2692 599 2762 furor.
623 2691 715 2783 Ergo
734 2691 831 2760 iilum
851 2691 928 2762 siue
950 2690 1171 2762 dubitatione
1188 2689 1299 2759 babe-

289 2815 406 2885 bimus
426 2817 520 2908 apud
538 2817 678 2888 Graecos
696 2828 726 2887 et
748 2819 987 2886 vaticinationis
1005 2827 1036 2886 et
1052 2816 1300 2885 coccinandum

290 2942 494 3031 interpretem
513 2946 658 3011 amicam.

721 3146 860 3218 FINIS.

750 3409 818 3465 Vror
836 3427 870 3465 nc
888 3426 1005 3466 oannem

431 3520 552 3577 Lutetiae
568 3521 759 3584 Parisiorum,
774 3522 804 3577 iu
820 3521 960 3588 Sorbona,
976 3540 1002 3577 a.
1020 3522 1048 3577 d.
1065 3521 1121 3589 111,
1137 3521 1213 3577 Nou.
1230 3521 1299 3576 mai.

706 3637 773 3675 ann.
790 3619 1052 3675 MDCCGLXXIX

437 3747 589 3800 Facultates
605 3748 766 3801 litterarum
780 3749 812 3800 in
826 3746 974 3801 Academia
987 3745 1143 3802 Parisicasi
1156 3749 1300 3811 Danaam,

733 3844 773 3904 H.
802 3843 1003 3906 WALLON.

394 4031 480 4085 Turis
499 4047 656 4086 nannenus.

288 4131 438 4191 Academiae
452 4132 617 4184 parisiensis
633 4132 741 4197 beator,

429 4222 617 4306 sabano,
