3094 4970
717 492 877 553 -64-

289 630 499 702 incurreret.
517 629 772 702 Priorisaetetis
786 627 980 701 admirator
993 651 1070 701 enee
1088 641 1207 703 tomen
1222 650 1305 705 sese

286 756 573 828 nocommodavit
588 766 625 827 et
639 755 744 848 plone
759 752 873 826 votuit
888 775 967 826 esso
981 776 1081 826 sous.
1105 753 1306 828 Praesertim

292 903 441 976 poeseos
455 904 589 955 memor
599 904 662 952 noo
677 892 748 952 tom
763 879 896 951 eodem
908 901 1008 973 quom
1022 880 1067 951 od
1081 882 1224 953 hominos
1237 903 1307 952 mr-

284 1015 527 1106 pemitsortem
546 1033 616 1082 non
633 1010 862 1103 religionoso
880 1009 1028 1080 deorum
1044 1008 1216 1095 historiis,
1231 1031 1305 1083 non

292 1135 583 1231 philosophorum
627 1134 794 1227 argutiis,
831 1133 896 1205 ssd
932 1135 1106 1215 omnibnsx
1134 1134 1302 1209 humane

292 1261 422 1333 mentis
439 1261 602 1333 sensibus
622 1258 803 1348 foedarim
827 1271 995 1352 quantem
1014 1260 1087 1331 vim
1106 1259 1164 1330 illo
1185 1281 1308 1333 rerum

222 1446 231 1463 .
287 1398 355 1460 out
393 1388 563 1459 malarum
593 1397 655 1458 snt
689 1385 911 1480 optimarum
937 1385 1137 1458 contineret
1164 1386 1306 1477 docuit3

291 1512 456 1585 homines
469 1511 702 1607 plerumque,
728 1511 913 1583 raro-deos
930 1510 1090 1601 induxit3
1111 1510 1245 1602 ingenii
1265 1531 1308 1584 ao

256 1727 260 1735 f
292 1636 424 1708 virium
444 1637 550 1708 simoi
570 1657 695 1730 pareus
712 1655 755 1706 oo
773 1635 936 1708 oonsoins
959 1636 1051 1707 intro
1069 1635 1309 1707 humanorum

291 1782 413 1833 rernm
435 1760 524 1833 fines
538 1782 584 1832 ss
601 1770 638 1832 et
655 1759 863 1852 trogmdiom
882 1781 983 1831 snam
1008 1760 1177 1832 coercuit.
1198 1759 1311 1853 quue

295 1905 366 1958 non
395 1886 487 1957 mole
516 1886 610 1957 illius
639 1884 766 1957 tabulis
799 1884 944 1957 inscribi
976 1887 1122 1978 possit:
1151 1907 1221 1955 non
1238 1883 1312 1957 tric

290 2031 392 2106 sepe
411 2011 510 2098 deos,
530 2034 600 2084 non
617 2010 659 2081 τὰ
674 2013 744 2108 πρὶν
827 2016 963 2108 πελώρια
979 2010 1127 2103 (From,
1147 2009 1311 2107 tettin-

290 2126 442 2226 sienios3
459 2163 490 2203 n
505 2136 832 2232 hominem-pagina
850 2148 976 2208 cuneta
996 2137 1142 2231 sopite

344 2262 422 2334 Non
439 2262 685 2356 illoquentem
702 2263 815 2334 videri
831 2272 948 2356 potest
961 2264 1079 2355 vegeti
1096 2285 1220 2335 sumus
1234 2262 1310 2334 dis-

292 2388 500 2480 mutatinum
524 2409 606 2459 nem
627 2388 674 2459 od
695 2387 929 2458 divinationem
952 2388 1312 2480 tendebamusqnom

290 2531 403 2581 :onom
419 2512 509 2583 ratio
524 2512 589 2583 isto
605 2512 789 2605 tragoediae
807 2512 877 2606 pati
894 2512 1022 2606 potuit.
1043 2512 1180 2584 Etenim
1201 2532 1312 2605 qnnrn

286 2635 334 2706 sii
361 2635 396 2707 in
425 2636 712 2731 longinquiorem
744 2639 866 2710 sedem
893 2639 1142 2711 remotiorem
1173 2648 1306 2711 statum

293 2762 548 2851 secessissent,
569 2761 772 2835 hominibus
796 2759 882 2835 voro
909 2765 1052 2836 daretur
1073 2776 1110 2836 et
1127 2765 1178 2835 nd
1194 2786 1307 2856 ogon-

298 2885 383 2957 dum
403 2887 502 2957 etad
521 2887 739 2980 loquendum
766 2886 869 2958 latior
896 2889 1012 2976 locus,
1034 2889 1059 2958 ii
1083 2889 1228 2982 quidem
1244 2887 1306 2981 qni

298 3009 334 3077 in
365 3010 572 3080 translatitia
591 3032 633 3082 ao
651 3009 791 3105 publica
810 3011 987 3104 reiigione
1011 3013 1102 3083 inter
1120 3025 1309 3105 utramque

299 3141 432 3224 partem
458 3134 565 3205 medii
595 3134 742 3206 deornm
770 3136 989 3208 voluntatem
1014 3136 1180 3231 excipere
1202 3137 1309 3208 nido·

299 3255 429 3331 bantur
456 3270 491 3330 ot
522 3259 728 3330 mortalibus
752 3240 994 3356 interpretari,
1022 3272 1113 3332 notes
1142 3262 1308 3354 utrinqne

295 3380 411 3451 rolicti
424 3382 482 3453 vel
497 3384 627 3470 exacti,
641 3406 661 3454 e
676 3383 824 3478 pristino
838 3396 931 3456 statu
947 3386 1138 3473 deturbati,
1156 3386 1306 3458 aliorum

295 3506 1332 3604 incrementoquodammodopaeneperieruntetveljnsta·

300 3634 523 3726 possessione
541 3634 753 3708 decedentes
778 3637 815 3706 in
840 3647 1042 3708 terrestrem
1066 3659 1210 3731 prorsus
1235 3637 1310 3730 ple·

298 3777 453 3851 nomque
465 3759 634 3831 aerumnis
651 3760 827 3832 fortunam
842 3761 1056 3833 reciderunt.
1073 3762 1146 3833 Etsi
1163 3761 1309 3855 vigebat

288 3881 394 3954 illius
404 3884 518 3955 aetatis
534 3885 710 3958 indeflexo
722 3887 919 3977 maturitas,
938 3872 1024 3960 sone
1038 3888 1074 3958 in
1087 3889 1219 3961 saeonlo
1234 3889 1310 3979 jnm

294 4010 411 4101 magis
426 4011 569 4083 oxoulto
578 4022 614 4083 et
625 4012 769 4106 ponium
779 4013 986 4085 inveteratis
1000 4014 1127 4086 litteris
1136 4035 1179 4086 oo
1188 4012 1311 4108 pronoi-

289 4155 372 4228 ἔμω
384 4144 530 4208 tractata
546 4135 728 4209 hominnm
741 4138 829 4225 vita,
846 4138 910 4211 vix
924 4136 1312 4232 relinquebaturlatior
