3094 4970
696 440 857 504 ,30-

265 589 478 671 gererentur
501 600 582 650 cum
601 576 658 648 his
677 598 759 670 quae
786 577 938 649 senserit
966 577 1143 671 quidquid
1170 577 1285 651 disse·

272 713 354 774 runt
380 703 534 776 induotae
559 722 742 797 personae,
776 700 854 773 sive
885 722 949 773 sua
977 723 1130 796 quaeque
1163 701 1285 775 indole

271 831 350 900 sive
365 827 484 924 aliquo
502 826 774 921 argumentandi
793 825 947 917 ambitu,
969 835 1008 899 et
1024 836 1063 897 ut
1079 826 1158 921 ipse
1175 827 1225 896 eit
1244 828 1287 909 el<

272 955 371 1049 λόγων
401 955 503 1051 ἀγῶνα
522 950 590 1049 (1).
617 952 666 1024 lle
690 951 786 1046 apud
812 950 1016 1045 Euripidem
1041 951 1154 1045 magis
1177 972 1285 1045 quem

268 1076 366 1169 epud
388 1097 600 1170 quemquem
620 1076 826 1148 intermixta
843 1076 1057 1148 invenimus.
1078 1077 1166 1147 Sunt
1191 1076 1286 1149 enim

267 1221 355 1295 quse
376 1202 475 1277 nullo
497 1203 604 1278 modo
623 1222 644 1274 0
663 1223 701 1274 re
726 1213 763 1274 et
789 1221 940 1296 persone
964 1222 1116 1275 avocere
1132 1201 1284 1291 debees3

274 1326 375 1398 verbi
390 1347 495 1398 00000
513 1326 795 1422 Bellerophontis
813 1326 933 1422 impiae
950 1347 1057 1399 voees
1076 1322 1160 1420 (lrg.
1182 1322 1284 1422 293).

269 1448 363 1523 Sunt
384 1473 465 1545 quae
491 1473 692 1547 quenquam
711 1473 825 1523 0000
850 1473 889 1523 re
914 1450 1030 1522 aliene
1047 1450 1175 1523 melius
1202 1449 1287 1543 inde

275 1587 486 1668 evocentur,
503 1577 588 1672 qnia
604 1587 699 1650 stent
715 1600 779 1672 per
794 1598 834 1649 se
850 1577 927 1673 ipse
941 1586 1043 1649 extre
1061 1597 1166 1671 opus,
1188 1583 1224 1648 et
1241 1572 1288 1647 ad

275 1722 387 1794 genus
414 1702 676 1796 quodammodo
704 1703 902 1798 pertinent,
936 1704 1028 1776 sicut
1059 1723 1101 1774 00
1135 1722 1217 1795 quse
1242 1700 1289 1774 de

276 1825 417 1897 vatibus
440 1827 477 1897 in
505 1828 634 1900 Helena
652 1828 803 1922 aliisque
826 1828 973 1916 lsbulis,
1002 1827 1047 1899 de
1070 1827 1125 1898 dis
1153 1827 1190 1896 in
1211 1827 1291 1897 lone

268 1949 466 2042 jactentur3
483 1962 567 2024 sunt
585 1975 667 2047 quae
681 1974 751 2025 non
771 1953 841 2025 0110
855 1954 992 2027 ratione
1005 1974 1110 2047 quum
1126 1953 1290 2044 sejuncto

277 2072 424 2169 intelligi
443 2076 580 2171 possint
599 2088 662 2150 eut
680 2077 854 2173 debeant,
882 2089 922 2149 ut
947 2078 984 2148 in
1008 2076 1150 2149 Bacchis
1168 2101 1180 2146 .·
1199 2072 1288 2165 tut,

276 2206 421 2301 πατρίους
438 2202 628 2302 πωραδοχάς,
653 2204 732 2279 Alia
747 2207 824 2301 ipse
838 2228 910 2279 non
930 2207 1042 2301 pluris
1060 2205 1164 2279 duxit
1181 2225 1289 2301 qutun

278 2349 319 2399 ee
337 2350 418 2423 quoe
431 2330 478 2402 ed
492 2332 665 2423 egendum
684 2331 837 2405 tabulam
853 2330 936 2402 hinc
949 2331 1048 2403 illino
1060 2328 1291 2424 comparebat

277 2449 344 2548 (lte
376 2453 415 2525 dc
443 2458 525 2546 sato.
562 2455 641 2528 Vid.
675 2455 897 2550 Bernhardy,
932 2456 1048 2530 Erscit.
1079 2478 1117 2527 0.
1143 2454 1289 2544 chbcr,

317 2742 352 2813 (l)
359 2741 550 2815 linguosum
563 2746 631 2814 (213)
681 2755 776 2804 δισσῶν
782 2753 863 2817 λόγων
868 2743 1013 2817 ἀγῶνι-61.
1023 2745 1164 2810 emeca,
1173 2744 1230 2817 irg.
1240 2741 1287 2810 93,

278 2858 307 2899 v.
322 2840 340 2897 2
360 2848 392 2896 et
410 2842 440 2909 6,
456 2850 485 2897 et
506 2844 614 2912 Dictys,
629 2844 669 2916 ig.
687 2842 737 2902 ete
753 2860 761 2901 t
777 2853 856 2917 λόγων
871 2855 905 2912 εις
915 2853 1029 2916 ἅμιλλαν.
1044 2842 1104 2900 Ista
1118 2843 1183 2900 eliis
1198 2858 1289 2916 sepo·

278 2946 396 2995 suerent
414 2947 528 2996 veteres
545 2963 551 2995 :
567 2939 733 3006 Lucienus,
757 2942 821 3011 Jup.
845 2948 929 3013 trop..
950 2942 981 2999 tl
1004 2953 1079 3005 ειπει
1091 2949 1288 3004 καθἰαυτλν

277 3036 369 3087 ὁπόταν
390 3040 404 3087 ὁ
425 3034 577 3104 Ἐυριπίδὴς,
594 3040 667 3103 μηδὲν
690 3041 833 3104 ἐπειγούσης
850 3048 893 3103 τῆς
909 3042 992 3109 χρείας
1012 3047 1062 3092 τῶν
1083 3041 1217 3109 δραμάτων
1231 3079 1238 3096 .
1251 3031 1289 3091 ’τὰ

279 3135 400 3185 δοκοῦντά
410 3138 433 3185 ot
447 3136 512 3201 λέγῃ,
527 3160 557 3174 -
569 3128 667 3185 Sobel.
682 3131 782 3196 Medea,
798 3129 852 3188 300
866 3153 872 3186 :
886 3145 961 3191 τοῦτο
976 3141 1004 3191 οὔ
1016 3139 1169 3204 δογματίζων
1183 3140 1288 3198 dmin·

273 3233 410 3297 τῆςφψιν,
419 3235 687 3303 ἀλλ’άρμοζόμενος
699 3239 760 3303 πρὸς
771 3238 801 3289 τὸ
813 3237 947 3302 ὑφεστηκὸς
955 3235 1031 3298 ἦθος.
1043 3227 1205 3284 Maximum
1215 3239 1287 3285 sane

279 3325 325 3379 est
343 3323 502 3394 periculum
522 3342 556 3381 00
573 3342 641 3383 vere
655 3328 772 3383 omnino
786 3327 985 3399 importunum
999 3341 1036 3380 ne
1049 3326 1080 3380 in
1099 3342 1158 3380 000
1171 3339 1288 3397 quaque

278 3436 350 3477 voce
371 3439 455 3479 mens
477 3430 569 3496 poetae
588 3430 742 3496 queratur,
764 3441 855 3496 quum
878 3424 969 3481 multe
990 3426 1019 3480 in
1039 3424 1203 3480 fabularum
1222 3440 1289 3496 per·

274 3521 360 3576 sonis
379 3537 415 3576 ex
427 3521 552 3594 proprils
566 3524 679 3580 illarum
692 3523 843 3580 effectibus
857 3528 983 3588 manent,
999 3524 1058 3580 imo
1073 3522 1109 3577 nd
1123 3537 1175 3577 eos
1190 3520 1290 3593 sigtri-

277 3616 417 3675 doentins·
433 3620 615 3693 eltlngendos
635 3623 732 3678 omnis
750 3621 797 3677 vel
815 3621 968 3676 notissimo
990 3618 1046 3691 (V.
1072 3617 1289 3695 Dioscurorun

279 3722 402 3773 mortem
422 3719 525 3784 110100,
550 3719 601 3776 tlt
620 3725 652 3777 et
670 3721 708 3788 s.)
725 3719 879 3777 immutare
900 3735 958 3779 non
980 3718 1095 3779 dubitet
1110 3717 1286 3790 Euripides,

279 3813 386 3873 nedum
404 3831 491 3872 sensa
511 3833 566 3874 sue
583 3817 620 3874 ob
639 3817 770 3883 eamdem
793 3834 911 3875 0000000
934 3834 993 3874 000
1014 3818 1214 3874 obscuraverit
1235 3822 1289 3874 eut

274 3911 419 3969 omiserit.
434 3942 470 3955 -
488 3910 562 3970 Vide
582 3916 669 3971 etiam
687 3933 774 3989 quam
792 3916 943 3990 ingeniose
962 3915 1118 3974 Dronkeus
1136 3916 1287 3983 (Vanitati,

277 4007 310 4065 itt
322 4010 416 4082 cupite
428 4011 523 4077 tertio,
537 4028 567 4084 p.
582 4010 628 4083 63)
646 4013 724 4086 quod
740 4012 893 4087 Sophoclis
907 4020 970 4071 erat
988 4014 1023 4070 ab
1037 4029 1074 4070 eo
1085 4013 1165 4087 qnod
1184 4028 1243 4069 non
1259 4011 1289 4068 ei

274 4105 481 4176 tribuendum,
497 4111 682 4181 separaverit.
