3094 4970
671 494 831 559 ..69-

245 657 309 731 per
331 658 379 707 se
391 635 466 708 sola
488 633 619 706 fabula.
641 633 704 704 Hic
724 654 766 705 ea
786 634 991 726 pronuntiat
1005 634 1159 709 Tiresias
1176 659 1263 731 qum

245 762 290 833 alr
317 761 453 855 OEdipo
479 760 543 854 qui
570 759 723 832 consulit
750 759 880 853 cuique
913 759 971 831 ille
1003 761 1156 833 minatur
1186 785 1256 836 non

245 885 394 978 intelligi
421 895 580 980 possunt.
615 883 688 955 lllic
722 906 803 977 qnae
831 882 972 955 efficere
1007 885 1151 978 longum
1188 897 1256 976 cst,

246 1037 355 1109 quum
382 1014 529 1108 parendi
555 1015 655 1085 deest
679 1022 831 1108 tempus,
864 1013 983 1084 multis
1005 1015 1114 1085 iratos
1139 1016 1265 1088 verbis

248 1139 411 1233 imperat.
436 1137 531 1209 Nihil
550 1158 636 1209 sone
655 1159 779 1209 verum
804 1148 840 1209 et
864 1159 1030 1230 magnum
1050 1138 1123 1230 agit
1140 1140 1176 1209 in
1194 1139 1262 1211 So·

248 1263 375 1360 plrocle
401 1262 598 1351 divinatio,
624 1264 726 1355 qnasi
752 1283 824 1334 non
851 1263 996 1356 impona
1020 1264 1065 1334 ab
1088 1276 1164 1336 arte
1188 1274 1261 1337 tcta

247 1391 413 1484 pendeat.
438 1389 658 1483 spectatores
693 1389 886 1482 aliquando
906 1390 951 1460 de
979 1411 1016 1460 rc
1046 1392 1145 1461 omni·
1162 1401 1262 1463 vates

250 1517 418 1589 admonet
433 1537 504 1608 quo
527 1516 631 1610 plana
651 1515 764 1606 magis
784 1515 902 1585 omnia
922 1515 1179 1608 intelligantur3
1200 1526 1263 1588 aut

250 1641 359 1713 rerba
391 1640 541 1712 aliorum
569 1639 677 1727 elicit,
715 1661 781 1710 nec
818 1659 918 1710 suam
952 1639 1016 1710 sed
1048 1638 1174 1734 OEdipi
1203 1641 1264 1712 vel

251 1769 412 1843 Creontis
456 1769 611 1839 indolem
647 1768 815 1840 ostendit.
854 1766 931 1838 Arti
969 1768 1127 1863 pristinae
1160 1779 1264 1862 poeta

251 1895 352 1989 quasi
373 1893 580 1966 subdiffisos
600 1893 665 1966 vix
684 1894 839 1987 aliquem
855 1893 1006 1986 reliquit
1022 1894 1137 1966 locum
1167 1917 1263 1967 enm·

251 2041 321 2113 que
339 2018 439 2089 velut
463 2018 756 2113 perturbatricem
776 2039 894 2089 rernm
911 2019 1069 2090 omnium
1090 2029 1151 2089 aut
1168 2020 1260 2091 rele-

253 2144 352 2237 gavit
371 2152 432 2213 aut
458 2143 613 2236 operuit.
646 2142 717 2215 Sed
748 2152 786 2214 ut
810 2142 847 2214 ei·
868 2140 942 2233 ille,
963 2143 1014 2214 sio
1031 2165 1072 2216 ea
1091 2142 1142 2213 illi
1161 2165 1268 2238 paene

254 2281 327 2343 tota
351 2268 476 2342 deluit.

714 2515 801 2614 ga.

253 2770 419 2855 Quomodo
438 2781 469 2841 ct
493 2770 606 2863 quales
634 2768 832 2838 inducantur
849 2776 881 2836 ct
903 2768 963 2836 sub
986 2778 1120 2838 mortem
1148 2773 1264 2840 calici-

306 2918 389 2966 acas
407 2896 562 2989 OEdipus
576 2894 768 2965 Coloaeosel
779 2903 868 2962 actes
885 2892 938 2963 ille
954 2899 1069 2983 capsas
1081 2895 1115 2964 ia
1129 2893 1266 2988 OEdipo

301 3020 396 3113 Rege
414 3031 444 3090 et
466 3025 500 3090 io
518 3017 697 3111 Antigone
718 3018 871 3089 Tiresias.

302 3269 394 3340 Nihil
413 3269 486 3339 iere
506 3268 541 3336 in
550 3268 740 3359 fropmenta's
758 3264 940 3358 Sophoclis
960 3265 1163 3338 invenimus
1175 3288 1264 3360 prae·

255 3404 309 3465 ter
327 3393 535 3488 paucissima
559 3393 769 3463 damnorum
790 3402 990 3462 nostrorum
1012 3392 1176 3482 vestigia.
1194 3393 1263 3464 Do·

255 3530 310 3590 cot
329 3519 422 3589 enim
442 3517 580 3607 Strabo,
605 3513 663 3607 ll,
685 3539 721 3610 p.
744 3515 817 3585 675
834 3512 956 3611 (nnn,
980 3517 1050 3607 irg.
1069 3514 1151 3610 etl)
1170 3518 1265 3610 apud

256 3666 336 3716 cum
352 3646 463 3737 Mopsi
478 3652 512 3714 et
528 3643 719 3715 Calchantis
730 3652 909 3713 certamen
927 3639 1104 3734 hujusque
1117 3650 1264 3713 mortem

256 3766 644 3842 enarratamessecFuit
659 3765 946 3861 etiamejusdcm
970 3761 1267 3863 'appropinquam-

256 3895 348 3988 ρικός,
363 3905 398 3964 et
416 3892 572 3963 Thebani
588 3893 957 3964 vatismemorianon
971 3893 1082 3963 semel
1101 3893 1208 3964 credo
1228 3893 1265 3962 in

256 4018 300 4089 iis
322 4040 471 4112 quorum
493 4019 635 4091 nomina
658 4028 758 4089 crant
778 4010 933 4113 ’sciptor
953 4027 989 4089 et
1017 4015 1189 4113 ’ampulat
1212 4026 1268 4090 est

256 4156 439 4217 renovata.
461 4145 572 4237 Major
591 4144 945 4239 quoquolabalarum
961 4143 1099 4214 illarum
1111 4144 1262 4233 jactura,
