3094 4970
734 434 894 498 ..96-

357 573 448 662 Non,
469 583 509 643 ut
527 573 677 668 opinor,
699 594 819 667 operae
838 572 988 666 pretinm
1007 586 1062 642 est
1081 571 1118 640 in
1140 570 1199 641 illa
1218 571 1323 663 Poly·

301 698 379 769 dart
396 699 521 769 umbra
540 699 668 770 morari
688 720 770 791 quae
789 719 860 770 non
881 697 991 789 magis
1009 717 1056 769 ex
1076 695 1200 766 inferis
1223 694 1325 767 elici·

311 832 381 909 tur,
402 844 508 916 quam
527 833 580 894 tot
598 822 634 892 di
657 820 807 917 Olympo
828 820 1062 893 descendunt.
1083 820 1168 893 Tota
1188 830 1243 891 est
1262 842 1325 890 sn·

304 945 428 1041 pellex
447 947 506 1017 illa
527 946 669 1039 tragicas
689 968 760 1018 non
777 945 876 1034 artis,
896 944 958 1017 sed
980 943 1266 1016 machinationis.

358 1070 502 1142 Meliora
525 1071 689 1164 quaedam
717 1071 753 1140 in
781 1071 1043 1165 Polymnum,
1062 1068 1125 1162 qni
1151 1068 1325 1163 perlossis

302 1196 422 1269 oculis
452 1218 494 1268 ac
523 1197 625 1268 morti
659 1196 803 1291 propior
836 1196 953 1265 futura
979 1194 1256 1288 Agamemnonis
1286 1203 1327 1264 et

311 1320 464 1391 Hecubae
481 1321 551 1391 lata
571 1319 669 1391 videt
683 1331 719 1392 et
738 1320 958 1415 pronuntiat3
981 1341 1051 1391 non
1071 1340 1114 1389 ea
1132 1329 1249 1390 tamen
1265 1340 1327 1413 pe·

303 1445 444 1517 culiare
459 1445 616 1517 studium
636 1445 853 1517 desiderant.

360 1570 398 1639 ln
409 1571 553 1640 Theonoe
562 1570 698 1664 specics
709 1568 1066 1665 placethoncsta,sed
1077 1579 1116 1639 ut
1127 1567 1329 1656 dixi,nulla

296 1692 1329 1790 sestnilallorveritas-Primoaspectumulieremadmi·

313 1817 403 1888 raris
416 1818 516 1909 cujus
533 1817 670 1890 indoles
684 1817 845 1889 Theanus
859 1819 1063 1890 memoriam
1075 1818 1171 1903 facit,
1187 1817 1328 1889 solenni

304 1941 425 2033 gradu
446 1942 481 2011 in
501 1963 641 2014 summo
657 1965 775 2014 rerum
796 1942 999 2014 discrimine
1017 1943 1263 2028 incedentem,
1285 1961 1329 2012 ac

314 2067 383 2137 ritu
395 2089 460 2139 suo
475 2068 610 2139 lacibus
622 2069 803 2140 concussis
820 2080 855 2139 et
866 2068 1047 2161 sulphuris
1059 2065 1329 2160 suffilutempla

314 2191 457 2263 aetheris
480 2203 709 2286 purgantem,
733 2215 804 2285 quo
835 2193 1011 2285 puriorem
1036 2214 1158 2262 auram
1188 2212 1209 2261 a
1234 2190 1328 2263 coelo

314 2315 474 2409 accipiat,
485 2316 703 2408 gravissimis
717 2316 858 2410 AEgypti
874 2316 1014 2387 aeditnis
1029 2316 1322 2410 comparandam,

315 2459 452 2531 aequam
474 2440 620 2512 dissuis
647 2441 866 2512 sacerdotem
889 2437 1040 2535 (Helen,
1066 2437 1175 2535 8⁴9),
1193 2440 1230 2510 in
1258 2461 1330 2534 qua

314 2562 450 2634 habitat
474 2565 632 2636 velutin
656 2567 810 2637 sacrario
832 2565 968 2658 justitia
995 2564 1138 2659 (loon).
1164 2605 1214 2620 -
1241 2565 1326 2638 Mox

315 2709 401 2760 varo
421 2689 480 2759 ubi
501 2689 603 2761 andis
622 2691 782 2762 eamdem
810 2690 956 2763 deorum
977 2691 1224 2762 contentiones
1249 2711 1326 2761 ser·

315 2833 508 2906 monesque
529 2815 759 2901 relerentem,
785 2826 820 2885 et
845 2814 1093 2886 defendentem
1118 2837 1224 2886 suum
1245 2836 1326 2886 esse

315 2937 506 3009 decernere
525 2940 594 3008 utri
622 2941 712 3033 parti
737 2940 930 3011 auxilietur
958 2951 994 3011 et
1022 2953 1101 3011 utra
1123 2940 1260 3011 victura
1278 2940 1327 3010 sit

314 3057 435 3153 (ibid,
453 3062 538 3149 887,
559 3067 648 3143 τέλος
666 3060 686 3132 δ

268 3232 271 3237 1
314 3197 457 3261 στᾶσα...
483 3192 596 3281 1006,
619 3199 647 3272 ἐς
665 3197 778 3263 ταύτὸν
802 3193 876 3262 οἴσω
895 3191 1031 3288 ψῆφον),
1053 3205 1089 3264 el
1106 3214 1164 3264 ros
1184 3204 1220 3263 el
1246 3213 1327 3287 per-

305 3334 421 3386 sonas
438 3329 474 3387 et
492 3338 572 3387 cum
590 3316 645 3388 dis
662 3327 794 3404 vatem,
817 3316 971 3409 deniqne
994 3317 1060 3387 ista
1079 3316 1198 3387 omnia
1222 3315 1326 3386 intel·

315 3435 396 3530 ligis
414 3441 462 3511 ita
482 3438 562 3511 ficta
578 3464 670 3527 esse,
686 3451 724 3511 ut
742 3440 875 3513 Helena
890 3450 926 3511 et
943 3440 1124 3569 plenalaus
1141 3439 1187 3511 ad
1206 3450 1327 3512 extre·
1451 3530 1456 3539 Ι

311 3585 413 3635 mum
434 3578 575 3658 tempus
598 3567 756 3653 adducti,
777 3567 918 3659 longam
942 3567 1047 3637 ambo
1067 3577 1103 3638 et
1127 3576 1329 3638 accuratam

307 3701 352 3761 et
382 3712 457 3763 suae
480 3693 631 3785 quisque
665 3691 775 3764 indoli
804 3693 1101 3764 accommodatam
1129 3692 1328 3764 orationem

316 3817 558 3909 pronuntient.
576 3816 620 3889 Ut
633 3816 824 3890 Theonoen
841 3814 873 3912 (l
884 3815 912 3912 )‚
929 3817 980 3888 sic
992 3827 1209 3911 spectatores
1219 3818 1329 3889 credo

356 4017 390 4087 (l)
410 4016 490 4084 loid„
507 4018 569 4082 946,
579 4032 623 4078 τοῦ
640 4028 667 4078 δὲ
678 4027 793 4078 Μενέλεω
804 4029 873 4078 ποθῶ
884 4027 970 4090 λόγους
982 4028 1088 4089 ducum
1101 4027 1169 4084 τίνας
1182 4028 1235 4092 ἐρεῖ
1248 4029 1331 4101 ψυχῆς

308 4113 385 4178 Δπέρι.
