3094 4970
682 532 860 591 -107-

258 692 397 759 corom;
418 693 527 763 quum
546 692 616 740 oon
637 670 741 742 modo
761 693 879 742 rerum
905 693 972 742 usu
993 674 1150 743 omnium
1168 673 1275 746 homi·
1298 728 1301 734 r

262 820 344 868 num
378 800 517 868 animus
550 798 740 868 concalluit
772 820 984 892 semperque
1013 800 1148 891 aliquid
1178 802 1274 892 quod

261 923 373 996 rideat
391 924 517 995 festive
536 924 724 1013 odoratur,
744 925 924 995 interdum
946 924 1064 1017 fingit,
1084 925 1272 997 sedetiam

262 1051 435 1121 divinatio
451 1051 526 1144 ipsa
546 1061 690 1144 propter
706 1052 910 1122 tenuitatem
925 1061 1046 1122 vatum
1062 1049 1275 1143 aroligiouis

193 1264 195 1267 v
259 1177 467 1248 auctoritate
497 1177 641 1249 omnino
672 1177 823 1249 abducta
852 1191 906 1249 est
932 1180 977 1248 ad
1011 1177 1208 1248 mercedem
1239 1188 1275 1247 et

260 1313 448 1395 quaestum,
467 1312 505 1373 et·
519 1303 554 1371 iu
573 1304 646 1374 vita
662 1325 702 1374 se
720 1303 863 1373 damnat
883 1303 962 1396 ipsa
980 1303 1158 1395 fidemque
1174 1324 1273 1374 suam

259 1429 409 1515 evertit3
432 1438 505 1498 tum
526 1427 729 1499 mehercule
749 1429 956 1501 vaticinatio
976 1429 1072 1499 nulla
1086 1410 1127 1499 in
1139 1428 1274 1500 theatro

260 1567 376 1647 potest
405 1577 493 1626 vere
525 1553 616 1626 fieri.
641 1555 697 1626 Sic
719 1556 877 1648 Euripidi
898 1568 933 1627 et
954 1556 1110 1628 Voltario
1134 1565 1272 1640 nostro,
1329 1597 1331 1601 ·

260 1680 397 1752 etiamsi
415 1680 450 1751 id
466 1683 604 1752 sincere
621 1681 832 1769 voluissent,
848 1704 952 1754 veros
968 1693 1067 1752 vates
1082 1681 1274 1752 inducendi

260 1827 361 1899 paene
379 1806 474 1875 nulla
490 1806 635 1876 facultas
654 1806 719 1876 luit
738 1805 807 1902 (l).
823 1846 870 1860 -
887 1807 1007 1878 Altera
1024 1828 1111 1878 voro
1131 1829 1211 1899 quae
1229 1807 1275 1878 ad

260 1933 374 2025 ipsum
399 1944 528 2025 poetam
547 1944 701 2027 spectat,
732 1955 801 2005 non
834 1935 949 2004 minus
978 1944 1031 2004 est
1058 1934 1271 2005 necessaria.

259 2056 351 2140 Quid
371 2058 465 2128 enim
486 2058 532 2129 de
552 2059 679 2129 ceteris
700 2060 859 2150 agimus,
884 2059 913 2129 si
938 2059 1061 2129 eadem
1086 2059 1178 2131 iuter
1200 2076 1272 2128 rem

261 2194 474 2276 poetamque
503 2186 625 2255 subest
645 2186 841 2271 discordia,
863 2197 898 2256 et
917 2187 951 2254 iu
973 2197 1048 2255 arte
1068 2206 1173 2276 quam
1194 2206 1273 2276 pro·

261 2309 378 2402 ponit,
401 2309 488 2379 nihil
509 2309 570 2381 ille
593 2325 722 2403 praeter
739 2311 858 2381 dolum
877 2332 918 2380 ac
933 2309 1129 2403 praestigias
1152 2309 1276 2380 videt?

259 2434 1276 2537 Quomodoassensioncmaliornmcaptabit,quisihiipse

262 2581 330 2629 non
346 2559 618 2630 conciliabitur?
629 2560 875 2652 Nequidquam
889 2560 1118 2633 reluctabitur
1129 2582 1249 2630 secum
1263 2584 1272 2646 3

265 2684 312 2753 nil
332 2705 458 2754 verum
480 2685 538 2754 vcl
562 2685 719 2756 maximo
746 2686 867 2755 lahore
885 2685 1049 2778 proferet,
1065 2684 1275 2777 tolleturque

264 2810 293 2880 is
313 2810 464 2902 primum
485 2811 545 2902 qui
567 2810 673 2881 falsos
692 2822 791 2881 vates
808 2811 1008 2904 putaverit3
1031 2832 1158 2903 nempe
1176 2810 1212 2878 in
1232 2809 1276 2880 iis

181 2968 186 2974 .
264 2932 438 3026 fingendis
456 2935 584 3004 frustra
604 2935 683 3005 orit..
707 2934 807 3005 Unde
827 2935 979 3028 intelligi
1000 2946 1115 3029 potest
1133 2956 1196 3005 cnr
1213 2932 1275 3004 So·

264 3059 406 3151 phocles
427 3082 497 3131 non
517 3082 619 3152 aeque
639 3062 671 3129 in
688 3083 727 3131 ea
748 3073 845 3154 parte
860 3072 969 3154 atque
988 3061 1022 3131 iu
1044 3062 1169 3132 ceteris
1191 3060 1275 3131 lelix

264 3184 381 3271 luerit,
391 3184 555 3254 Racinius
564 3196 685 3255 contra
696 3188 916 3257 sacerdotem
929 3187 964 3255 in
978 3187 1140 3257 hebraica
1151 3196 1277 3277 tragoe-

263 3308 321 3378 dia
333 3308 463 3379 Christi
474 3321 588 3380 ortum
606 3311 873 3403 praeclarissime
887 3322 1069 3381 canentem
1080 3311 1273 3397 induxerit,

263 3434 504 3529 Schaxperius
526 3449 561 3507 et
581 3449 680 3506 vates
700 3438 1017 3509 et'vaticiuautium
1044 3437 1277 3531 praedictioni·

263 3561 330 3630 hus
358 3563 591 3653 perturbatos
611 3562 797 3650 homines,
819 3563 1019 3634 felicissime
1042 3563 1272 3656 expresserit,
1392 3563 1397 3568 ’

267 3684 424 3776 donique
444 3685 684 3757 Marathonius
717 3699 818 3778 poeta
844 3684 989 3757 numine
1014 3684 1166 3779 quodam
1194 3708 1275 3778 pro·

298 3938 507 4011 (accendisse
517 3942 631 4012 Auglos
640 3942 815 3997 hariolorum
824 3942 1059 4014 praedictionibus
1069 3959 1159 4015 quum
1169 3942 1278 3998 Schax·

262 4037 367 4108 per-ius,
382 4039 496 4094 fabulas
516 4055 586 4094 suas
608 4039 723 4110 ederet,
740 4048 859 4096 monent
878 4028 1122 4098 leeccaiulitt.
1146 4041 1276 4097 diu-hut-

263 4137 448 4202 titmost'tclc,
466 4138 554 4203 iri-12,
573 4135 633 4204 III,
650 4155 678 4210 p.
697 4139 759 4210 339,
776 4130 927 4205 Mezieres,
943 4140 1119 4218 Shuhspcorc,
1137 4142 1220 4213 chap.
1236 4141 1274 4211 V,

262 4230 317 4315 55.
335 4231 464 4315 Stapler,
481 4235 541 4297 ilco,
560 4236 670 4312 Suissa,
686 4242 743 4293 oct.
762 4237 846 4306 1877,
862 4255 891 4310 p.
909 4238 960 4296 183
975 4245 1004 4294 et
1018 4255 1043 4294 s.
