3094 4970
730 504 904 563 -tet-

245 714 247 721 ,
311 648 404 717 bitur
433 641 651 738 detonduipov,
674 646 922 736 Θεοφορουμένη,
944 641 1111 723 meretina,
1145 634 1269 732 Ἱερεία,
1292 646 1330 706 et

266 784 270 799 ·
315 774 356 841 fr.
390 772 458 840 inc.
492 772 535 857 5,
563 768 678 857 scon,
710 765 785 861 98).
814 766 866 835 lili
889 766 997 857 igitur
1016 784 1121 856 quam
1142 762 1331 853 sequimur

315 900 524 971 divinationi
554 897 743 969 dicendum
772 906 825 966 est
858 898 892 964 in
925 894 1001 965 istis
1033 893 1161 964 sabulis
1189 890 1328 962 nullum

317 1027 425 1098 inisse
441 1037 564 1096 natura
583 1046 699 1116 neque
719 1024 846 1095 factum
865 1043 885 1091 a
906 1020 1018 1113 poetis
1038 1020 1168 1090 locum.

249 1228 252 1232 A
366 1154 401 1222 ln
435 1151 574 1242 tragicis
603 1156 740 1233 autem,
774 1160 813 1217 ut
843 1148 901 1216 illa
934 1146 1052 1216 omnia
1080 1155 1327 1227 coarctentur,

319 1279 496 1350 divinatio
524 1277 618 1371 apud
651 1276 791 1347 Graecos
820 1286 915 1344 certe
938 1273 1156 1364 antiquitatis
1188 1271 1332 1365 propria

321 1406 404 1489 fuit,
426 1405 527 1497 quasi
548 1402 616 1473 ittis
635 1403 737 1472 annis
755 1392 871 1470 minus
888 1399 1080 1470 decesserit
1095 1399 1140 1468 ab
1164 1408 1243 1469 ortu
1264 1416 1332 1468 suo

321 1542 356 1600 et
376 1529 546 1620 reiigione
566 1549 717 1619 quacum
739 1524 948 1597 mortalibus
968 1524 1094 1594 tradita
1128 1543 1207 1593 esse
1233 1522 1333 1590 vide·

321 1658 443 1740 batur;
476 1654 659 1744 viguitque
687 1673 791 1744 quam
826 1651 978 1720 maxime
1002 1651 1037 1718 in
1067 1649 1178 1741 prima
1205 1656 1331 1730 aetate,

320 1800 427 1870 quum
449 1776 619 1868 tragoedia
637 1797 657 1846 e
675 1775 803 1846 Bacchi
823 1776 934 1845 sacris
952 1785 1116 1866 tanquam
1135 1794 1154 1843 e
1173 1770 1336 1865 putcher-
1365 1790 1369 1795 ’

324 1905 413 1973 rimo
445 1902 528 1972 nido
549 1902 623 1992 jam
651 1900 770 1971 adulta
800 1912 836 1970 et
868 1900 1004 1969 viribus
1032 1900 1118 1969 freta
1150 1898 1333 1981 evolavit3

323 2028 452 2098 deinde
464 2027 613 2096 decurso
629 2025 742 2118 spatio
758 2025 878 2116 aliquo
900 2037 1064 2115 tanquam
1088 2033 1165 2115 post
1182 2034 1337 2115 tempes-

283 2182 286 2188 ·
323 2155 431 2223 tivam
450 2152 686 2221 maturitatem
707 2151 902 2242 oblongae,
923 2162 958 2220 et
976 2172 1085 2242 quum
1104 2159 1278 2219 cresceret
1299 2150 1336 2218 in

324 2279 400 2346 dies
431 2288 612 2368 poetarum
632 2287 683 2375 'et
713 2275 893 2366 religionis
929 2275 1108 2367 popularis
1137 2274 1334 2357 discordia,

325 2402 388 2472 vix
412 2401 521 2471 semel
546 2411 607 2469 aut
629 2402 756 2469 iterum
783 2401 903 2470 ocutos
931 2400 1195 2493 quodammodo
1217 2409 1337 2470 sustu·

328 2530 378 2613 tit,
399 2529 512 2598 donee
530 2529 566 2596 in
587 2528 734 2598 formam
754 2529 894 2597 inanem
922 2527 1157 2620 componendi
1177 2527 1338 2597 elabere·

328 2666 402 2741 tur,
430 2664 464 2722 et
496 2674 630 2722 merum
661 2650 762 2723 fieret
793 2654 1069 2723 instrumentum
1090 2653 1252 2724 actionis.

374 2777 477 2860 Quod
507 2778 536 2846 si
567 2799 613 2847 ex
635 2776 838 2848 Graecorum
866 2788 1136 2870 ceterorumque
1167 2778 1342 2871 poematis

327 2903 522 2973 conditiones
553 2902 759 2993 colligemus
793 2904 921 2994 quibus
954 2924 1034 2994 pars
1066 2904 1124 2972 iiia
1156 2903 1342 2994 tragoediae

329 3048 449 3097 carere
476 3047 545 3096 non
573 3035 705 3118 potest,
727 3039 854 3120 praeter
879 3028 1059 3118 ingenium
1084 3028 1181 3119 quod
1207 3027 1343 3097 nemini

330 3153 421 3221 inter
441 3151 628 3244 praeclaros
646 3162 767 3244 poetas
783 3152 907 3236 defuit,
920 3152 1143 3222 inveniemus
1163 3153 1344 3245 praecipue

331 3278 433 3365 duas,
452 3299 599 3369 quarum
622 3300 692 3347 una
711 3278 756 3347 ad
775 3288 906 3348 aetutem
924 3279 1033 3348 attera
1051 3280 1094 3347 ad
1112 3290 1243 3371 poetam
1262 3298 1343 3371 pera
1407 3324 1410 3328 -

331 3402 468 3473 tinebit.
482 3441 529 3455 -
542 3403 695 3471 Primum
716 3404 809 3473 enim
828 3404 1007 3473 auditores
1024 3413 1138 3497 poetae
1156 3405 1202 3475 de
1214 3425 1345 3474 recon-

331 3530 462 3599 seutire
477 3539 627 3621 oportet,
640 3539 675 3600 et
688 3529 798 3620 magis
806 3529 851 3598 ad
863 3527 1026 3599 fiduciam
1036 3529 1343 3623 etsimpiicitatem

332 3654 441 3723 animi
468 3672 575 3744 quam
609 3653 653 3722 ad
684 3654 792 3723 risum
819 3666 854 3722 et
880 3654 1125 3745 procacitatem
1156 3655 1342 3725 inclinare.

331 3777 433 3847 Nulla
450 3798 536 3847 sane
552 3776 639 3868 gens
655 3777 720 3846 tuit
737 3777 772 3846 in
791 3799 860 3870 qua
876 3799 952 3860 non,
964 3778 1124 3870 pluribus
1142 3791 1203 3849 aut
1221 3779 1346 3872 paucis

332 3912 427 3971 certe
450 3901 569 3970 datum
590 3902 636 3971 sit
658 3901 791 3971 habere
819 3924 965 3992 nasum3
988 3906 1023 3973 in
1046 3874 1228 3996 sagaciore
1255 3926 1347 3976 vero

334 4047 477 4113 corona,
500 4025 560 4093 ubi
580 4026 710 4097 arsitia
733 4026 873 4097 exoleta
893 4039 927 4097 et
947 4027 1094 4098 ridicula
1109 4029 1292 4120 judicatur
1311 4041 1349 4099 et

335 4149 470 4251 siquid
495 4170 574 4218 oum
595 4171 636 4225 ea
656 4151 897 4250 conjungitur,
918 4153 1050 4231 saeculo
1069 4152 1221 4225 habetur
1242 4152 1346 4235 inde·
