3094 4970
729 526 771 541 ..
791 493 830 556 58
852 493 891 541 ·.

302 634 455 730 pendeat
480 626 630 727 (l203);
659 629 853 724 praesertim
883 651 989 723 quam
1019 634 1124 707 molle
1153 647 1189 708 et
1221 637 1317 710 bene

302 770 474 833 moratum
507 757 676 828 afferatur
710 755 941 828 novissimum
977 759 1126 851 virginis
1161 762 1315 834 verbum

299 907 371 979 quo
390 893 488 978 oplal
505 894 543 951 nt
560 903 631 953 uno
651 881 721 952 ictu
739 880 905 952 decenter
922 882 1026 954 oadal
1042 882 1183 982 (1292).
1201 885 1317 960 Fortis

300 1012 406 1082 eliam
431 1009 557 1079 merito
578 1006 734 1092 dicetur,
760 1027 974 1098 quamquam
1000 1020 1036 1080 et
1061 1010 1162 1104 plura
1189 1013 1319 1085 metuit

304 1148 340 1208 el
359 1124 516 1230 paratam
543 1142 690 1204 mortem
717 1130 838 1202 horret
863 1140 899 1202 et
922 1131 1088 1205 flebiliter
1109 1135 1318 1209 Scamandri

300 1282 380 1334 oras
407 1258 560 1354 appellat
579 1256 708 1353 (llll)
727 1279 808 1350 quae
832 1279 872 1328 se
897 1259 1150 1352 pubescentem
1176 1284 1249 1335 non
1276 1263 1315 1333 in

300 1385 383 1456 talia
401 1382 615 1454 eduxerunt.
627 1380 733 1452 Vates
750 1381 844 1451 enim
861 1381 921 1451 alii
931 1382 1063 1477 ¹quales
1073 1385 1313 1480 Amphiaraus

298 1521 333 1582 et
361 1507 611 1594 Prometheus,
644 1503 836 1599 prudentes
863 1506 1089 1601 scientesque
1108 1509 1155 1581 ad
1173 1522 1312 1604 pestem

297 1645 379 1706 ante
394 1632 514 1705 oculos
527 1630 677 1725 positam
687 1642 771 1701 sunt
787 1631 951 1724 proieoli;
971 1634 1036 1704 sed
1053 1655 1170 1728 neque
1183 1632 1312 1708 ducem

296 1772 413 1852 neque
427 1758 533 1828 deum
550 1778 631 1826 eum
645 1756 762 1850 puella
775 1777 919 1849 aequum
935 1768 989 1828 est
1003 1761 1177 1832 conferre.
1194 1761 1311 1856 Virgi-

295 1906 359 1956 nes
378 1883 478 1969 aliae,
500 1882 623 1974 quales
652 1880 804 1952 Macaria
823 1892 931 1975 atque
950 1882 1155 1976 Iphigenia,
1183 1888 1312 1960 volun·

222 2058 226 2061 -
296 2008 418 2079 tariam
436 2014 585 2078 mortem
606 2026 803 2100 excepere3
825 2007 890 2077 sed
911 2028 981 2078 non
1002 2007 1097 2079 illam
1118 2010 1250 2082 ioedam
1268 2033 1311 2085 ac

294 2141 504 2225 praesentem
522 2129 727 2201 cernebant.
745 2127 942 2200 Cassandra
961 2152 1060 2224 spem
1084 2154 1226 2206 omnem
1249 2136 1310 2207 vel

294 2255 392 2327 nullo
417 2252 631 2324 adstantium
658 2251 872 2345 desperante
899 2254 1039 2345 abjicit;
1068 2258 1163 2329 viam
1182 2259 1310 2334 salutis

294 2380 425 2451 nullam
444 2400 522 2449 esse
536 2373 665 2473 (lacu)
680 2388 716 2449 et
733 2379 799 2449 scit
813 2388 848 2450 et
863 2380 975 2451 videt.
994 2367 1211 2455 Observatur
1225 2407 1309 2457 ocu·
1438 2382 1443 2390 ’

293 2506 336 2577 lis
367 2515 403 2576 et
426 2504 539 2574 infera
565 2502 625 2572 illa
652 2514 753 2596 porta
779 2514 815 2576 et
836 2505 951 2576 lalalis
977 2507 1139 2579 machina
1158 2506 1305 2608 (⁴277).

292 2629 407 2716 Quum
446 2627 570 2700 fidenti
615 2629 755 2699 tandem
793 2629 913 2702 animo
949 2630 1042 2702 iores
1080 2633 1306 2726 ingreditur,

292 2734 437 2824 minime
461 2751 608 2823 dubium
636 2761 690 2822 est
716 2752 890 2844 quiajam
917 2766 1123 2851 conceptam
1151 2770 1308 2834 mortem

292 2877 381 2948 ierat
395 2875 431 2944 in
448 2873 671 2968 praecordiis3
689 2873 785 2946 unde
799 2872 838 2946 fit
853 2886 889 2946 et
903 2878 982 2969 ejus
998 2881 1153 2973 apertior
1171 2882 1305 2972 virtus,

291 3020 395 3072 casus
415 2998 668 3088 miserabilior,
689 2999 827 3071 indoles
848 3011 919 3074 totu
941 3004 1139 3081 sublimior.

339 3125 424 3194 Rem
445 3134 483 3192 ut
506 3133 614 3194 totum
640 3124 760 3216 paucis
779 3125 961 3218 colligam,
989 3131 1306 3208 vaticinationibus

291 3250 327 3317 in
346 3246 510 3342 AEscbylo
535 3268 599 3319 nec
625 3269 815 3338 numerus,
841 3272 906 3321 neo
930 3252 1054 3342 decor,
1077 3277 1143 3327 nee
1162 3259 1306 3351 pondus

289 3372 424 3463 defuit;
444 3372 544 3464 cnjus
565 3372 614 3442 rei
634 3393 720 3443 sane
741 3385 869 3465 praeter
890 3375 1070 3468 ingenium
1088 3393 1204 3474 poetae
1222 3405 1307 3455 oau-

289 3519 364 3570 sam
382 3497 474 3569 hanc
493 3497 712 3590 probabilem
728 3498 908 3590 invenies,
925 3502 1059 3575 scilieet
1080 3507 1304 3600 trilogiarum

287 3624 409 3694 iormae
427 3621 647 3694 commodius
665 3642 725 3693 eas
744 3624 879 3717 aptari,
899 3642 980 3718 quae
1003 3630 1149 3721 quidem
1172 3634 1303 3727 positae

286 3756 348 3815 aut
367 3744 403 3815 in
427 3746 539 3839 prima
559 3745 679 3818 fabula
698 3747 851 3818 velutin
871 3750 986 3843 primo
1004 3756 1161 3846 agmine,
1181 3768 1244 3828 aut
1263 3759 1304 3831 in

285 3868 441 3940 secunda
465 3870 764 3961 quemadmodum
793 3875 884 3945 inter
909 3897 1041 3950 cornua
1068 3883 1303 3956 constituitur

284 3991 462 4066 exercitus
489 3993 616 4084 robur,
635 4013 776 4065 cursum
799 3997 947 4071 aelionis
974 4003 1153 4099 paulisper
1178 4029 1302 4080 mora·

284 4122 412 4193 bantur
430 4143 502 4217 quo
527 4122 652 4196 melius
678 4123 845 4220 deinceps
863 4137 899 4198 et
923 4129 1040 4204 acrius
1064 4133 1149 4208 inde
1169 4137 1303 4212 incita·
