3056 4976
279 653 513 728 recentiorum
532 651 668 744 judicio
685 650 810 743 gratia.
834 649 932 722 Prior
951 660 1068 722 tamen
1089 649 1289 721 necessaria

279 770 376 870 luit,
420 778 593 870 firmoque
634 773 848 847 adminiculo
897 772 1055 847 libellum
1108 772 1284 845 lundabit.

278 904 412 996 Nempe
435 904 496 996 qui
515 901 591 973 fieri
611 901 725 995 potuit
745 911 782 971 ut
797 909 901 993 poeta
920 921 991 972 non
1008 897 1196 970 sententiae
1212 917 1289 970 suae

278 1027 394 1122 ipsum
408 1049 497 1121 opus
517 1027 574 1097 vel
595 1027 728 1098 invitus
741 1023 1130 1095 accommodarettlmo
1146 1044 1210 1094 nos
1225 1022 1289 1094 ali·

279 1152 422 1247 qnando
443 1151 639 1245 oportebit,
661 1159 700 1219 nt
720 1150 836 1243 ipsum
857 1150 989 1221 fontem
1008 1149 1059 1218 rei
1076 1157 1289 1241 repetamus

281 1275 326 1347 de
347 1275 508 1370 populari
533 1274 703 1367 religione
732 1283 871 1367 poetam
901 1271 1142 1365 interrogare3
1175 1281 1291 1342 utrum

280 1421 322 1472 ea
339 1409 524 1472 contentus
554 1401 646 1470 intra
672 1397 761 1470 lines
784 1397 870 1469 artis
898 1420 976 1469 suae
995 1419 1034 1468 se
1059 1397 1289 1484 continuerit,

183 1503 187 1513 ¹
280 1526 448 1598 culidem
469 1526 590 1621 populi
612 1524 892 1618 impugnaverit,
919 1524 998 1595 sive
1022 1523 1109 1595 deos
1129 1522 1293 1594 meliores

281 1661 440 1745 optaret,
467 1650 545 1722 sive
567 1649 829 1743 philosophiam
857 1670 961 1718 unam
986 1647 1130 1720 coleret.
1149 1647 1292 1739 Conjec·

281 1777 370 1847 turis
400 1776 517 1869 potius
548 1796 653 1867 quam
686 1775 856 1845 doctrinae
895 1774 1009 1845 locum
1042 1773 1136 1843 hunc
1173 1781 1293 1865 patere

282 1922 387 1971 nemo
402 1921 471 1971 non
489 1900 601 1971 videt.
613 1901 662 1970 De
672 1900 795 1993 priscis
811 1899 904 1970 enim
919 1899 1123 1970 auctoribus
1133 1918 1294 1991 quaerere

282 2025 377 2120 quod
395 2024 431 2094 in
451 2024 648 2117 aequalibus
667 2025 863 2118 saepissime
884 2026 1110 2116 ignoramus,
1132 2023 1219 2116 qnid
1239 2031 1293 2094 est

282 2149 379 2222 aliud
411 2170 517 2242 quam
552 2148 770 2219 Camarinam
805 2151 977 2220 movere?
1010 2148 1152 2218 Cautius
1188 2146 1294 2240 igitur

283 2296 388 2366 quam
400 2284 518 2345 nostra
531 2274 701 2344 memoria
716 2275 849 2369 plures,
862 2273 948 2365 quid
962 2273 1007 2343 de
1018 2272 1238 2344 divinatione
1253 2291 1294 2343 ac

284 2399 341 2470 dis
358 2399 480 2490 tragici
495 2398 685 2486 senserint,
707 2399 859 2471 studebo
879 2399 1070 2491 conjicere,
1097 2420 1167 2470 non
1187 2419 1294 2492 praes·

284 2524 380 2596 tabor.
401 2523 529 2593 Tamen
551 2523 611 2615 qui
633 2523 805 2612 attendet,
825 2545 906 2593 eum
926 2525 962 2592 ni
979 2522 1080 2595 fallor
1099 2545 1169 2594 uon
1185 2522 1295 2614 lugiet

284 2649 370 2742 quid
386 2649 420 2718 in
437 2649 607 2742 religione
618 2648 769 2719 decursu
785 2648 862 2742 ipso
881 2670 1053 2720 annorum
1071 2649 1291 2718 immutatum

284 2773 347 2861 sit,
376 2773 461 2866 quid
484 2783 666 2866 poetarum
687 2773 870 2844 voluntate
893 2774 1077 2863 ellectum,
1099 2784 1293 2865 eorumque

284 2897 458 2969 sententia
473 2897 682 2991 plerumque
699 2898 902 2967 adumbrari
920 2909 1014 2969 certe
1035 2899 1175 2991 poterit,
1189 2899 1293 2970 modo

285 3024 321 3093 in
337 3033 446 3093 totum
464 3044 536 3093 rem
553 3022 814 3117 aggrediamur,
828 3033 863 3092 et
878 3024 1021 3095 remotis
1031 3046 1111 3116 quae
1128 3044 1293 3117 persona·

285 3168 363 3215 rum
380 3145 490 3217 indoli
508 3146 722 3238 respondent
737 3158 797 3216 aut
813 3147 908 3238 vulgi
922 3147 1080 3240 opinioni
1093 3148 1293 3218 concedun-

286 3283 361 3358 tur,
392 3282 505 3364 poetae
530 3270 621 3366 (non
647 3272 726 3342 dico
753 3271 931 3367 theologi)
956 3294 1080 3344 vocem
1106 3273 1237 3366 ipsam,
1264 3272 1294 3343 si

287 3396 429 3488 quando
454 3405 619 3483 resonet,
642 3397 676 3465 in
702 3396 848 3488 integris
868 3397 995 3467 lahulis
1021 3395 1078 3492 (l)
1097 3396 1295 3490 deprehen·

287 3519 426 3590 damus

324 3749 362 3820 (l)
386 3747 430 3804 De
453 3748 589 3805 omnibus
609 3750 669 3805 lere
688 3750 862 3821 fragmentis
882 3749 939 3805 dici
959 3756 1055 3821 potest
1078 3752 1156 3822 quod
1176 3747 1214 3802 de
1237 3768 1295 3808 uno

289 3830 362 3916 (345)
375 3846 541 3919 AEschyleo‚
558 3846 797 3918 Naegelsbachius
814 3851 859 3915 (ilc
873 3851 1052 3918 religionibus
1067 3851 1210 3916 Orestinus,
1227 3856 1293 3915 etc,

288 3967 317 4023 p.
334 3949 377 4017 34)
399 3970 405 4003 ε
423 3967 438 4000 u
452 3965 543 4020 quum
560 3949 728 4020 ignoremus
743 3967 777 4004 ea
791 3951 878 4005 verba
896 3954 1003 4021 puiset
1021 3969 1077 4021 qno
1094 3956 1296 4009 sententiarum

287 4050 494 4103 continuatione
512 4049 720 4120 pronuntiarit,
736 4050 821 4105 claris
836 4056 928 4121 poetae
946 4053 1121 4107 testimoniis
1140 4052 1210 4108 nihil
1229 4051 1296 4108 inde

287 4146 420 4218 derogari
434 4152 540 4219 potest.
556 4167 570 4199 u
