<?xml version="1.0" encoding="UTF-8"?>
<!DOCTYPE html PUBLIC "-//W3C//DTD XHTML 1.0 Transitional//EN"
    "http://www.w3.org/TR/xhtml1/DTD/xhtml1-transitional.dtd">
<html xmlns="http://www.w3.org/1999/xhtml" xml:lang="en" lang="en">
 <head>
  <title>
</title>
<meta http-equiv="Content-Type" content="text/html;charset=utf-8" />
  <meta name='ocr-system' content='tesseract 3.04.00' />
  <meta name='ocr-capabilities' content='ocr_page ocr_carea ocr_par ocr_line ocrx_word'/>
</head>
<body>
  <div class='ocr_page' id='page_1' title='image "./devaticinatione00lillgoog_0112.png"; bbox 0 0 3094 4970; ppageno 0'>
   <div class='ocr_carea' id='block_1_1' title="bbox 199 450 1282 3567">
    <p class='ocr_par' dir='ltr' id='par_1_1' title="bbox 687 450 847 513">
     <span class='ocr_line' id='line_1_1' title="bbox 687 450 847 513; baseline -0.006 -15"><span class='ocrx_word' id='word_1_1' title='bbox 687 482 727 498; x_wconf 87' lang='lat'>..</span> <span class='ocrx_word' id='word_1_2' title='bbox 748 450 784 513; x_wconf 76' lang='lat'>91</span> <span class='ocrx_word' id='word_1_3' title='bbox 808 483 847 497; x_wconf 89' lang='lat'>..</span> 
     </span>
    </p>

    <p class='ocr_par' dir='ltr' id='par_1_2' title="bbox 199 582 1282 3442">
     <span class='ocr_line' id='line_1_2' title="bbox 260 582 1273 686; baseline 0.01 -31"><span class='ocrx_word' id='word_1_4' title='bbox 260 582 348 655; x_wconf 89' lang='lat' dir='ltr'>nihil</span> <span class='ocrx_word' id='word_1_5' title='bbox 365 603 490 655; x_wconf 90' lang='lat' dir='ltr'>sanum</span> <span class='ocrx_word' id='word_1_6' title='bbox 508 582 678 654; x_wconf 85' lang='lat' dir='ltr'>aututile</span> <span class='ocrx_word' id='word_1_7' title='bbox 703 604 782 654; x_wconf 88' lang='lat' dir='ltr'>esse</span> <span class='ocrx_word' id='word_1_8' title='bbox 804 583 997 675; x_wconf 86' lang='lat' dir='ltr'>judicavit,</span> <span class='ocrx_word' id='word_1_9' title='bbox 1029 608 1145 682; x_wconf 90' lang='lat' dir='ltr'>neque</span> <span class='ocrx_word' id='word_1_10' title='bbox 1167 593 1273 686; x_wconf 90' lang='lat' dir='ltr'>quid·-</span> 
     </span>
     <span class='ocr_line' id='line_1_3' title="bbox 258 708 1269 806; baseline 0.01 -25"><span class='ocrx_word' id='word_1_11' title='bbox 258 731 364 803; x_wconf 87' lang='lat' dir='ltr'>quam</span> <span class='ocrx_word' id='word_1_12' title='bbox 379 709 516 804; x_wconf 88' lang='lat' dir='ltr'>putavit</span> <span class='ocrx_word' id='word_1_13' title='bbox 527 708 653 780; x_wconf 91' lang='lat' dir='ltr'>rationi</span> <span class='ocrx_word' id='word_1_14' title='bbox 669 717 739 778; x_wconf 89' lang='lat' dir='ltr'>tam</span> <span class='ocrx_word' id='word_1_15' title='bbox 750 711 964 782; x_wconf 86' lang='lat' dir='ltr'>contrarium</span> <span class='ocrx_word' id='word_1_16' title='bbox 975 734 1080 806; x_wconf 91' lang='lat' dir='ltr'>quam</span> <span class='ocrx_word' id='word_1_17' title='bbox 1094 716 1269 791; x_wconf 81' lang='lat' dir='ltr'>furorem.</span> 
     </span>
     <span class='ocr_line' id='line_1_4' title="bbox 260 830 1271 936; baseline 0.011 -31"><span class='ocrx_word' id='word_1_18' title='bbox 260 834 412 932; x_wconf 66' lang='lat' dir='ltr'>(Proui,</span> <span class='ocrx_word' id='word_1_19' title='bbox 428 831 520 907; x_wconf 89' lang='grc'>4284</span> <span class='ocrx_word' id='word_1_20' title='bbox 533 858 543 924; x_wconf 87' lang='grc'><strong>;</strong></span> <span class='ocrx_word' id='word_1_21' title='bbox 557 839 718 927; x_wconf 80' lang='grc' dir='ltr'>ἐνθουσιᾷς,</span> <span class='ocrx_word' id='word_1_22' title='bbox 732 830 895 931; x_wconf 78' lang='grc' dir='ltr'>04στηνε&gt;;</span> <span class='ocrx_word' id='word_1_23' title='bbox 908 836 985 909; x_wconf 87' lang='lat' dir='ltr'>haec</span> <span class='ocrx_word' id='word_1_24' title='bbox 996 841 1115 911; x_wconf 91' lang='lat' dir='ltr'>omnia</span> <span class='ocrx_word' id='word_1_25' title='bbox 1125 843 1271 936; x_wconf 90' lang='lat' dir='ltr'>quidem</span> 
     </span>
     <span class='ocr_line' id='line_1_5' title="bbox 259 959 1273 1061; baseline 0.009 -30"><span class='ocrx_word' id='word_1_26' title='bbox 259 960 304 1031; x_wconf 82' lang='lat' dir='ltr'>de</span> <span class='ocrx_word' id='word_1_27' title='bbox 330 959 456 1030; x_wconf 85' lang='lat' dir='ltr'>futuris</span> <span class='ocrx_word' id='word_1_28' title='bbox 476 960 605 1050; x_wconf 86' lang='lat' dir='ltr'>jactata</span> <span class='ocrx_word' id='word_1_29' title='bbox 630 960 756 1054; x_wconf 88' lang='lat' dir='ltr'>partim</span> <span class='ocrx_word' id='word_1_30' title='bbox 782 982 921 1050; x_wconf 90' lang='lat' dir='ltr'>errore,</span> <span class='ocrx_word' id='word_1_31' title='bbox 950 964 1077 1055; x_wconf 84' lang='lat' dir='ltr'>partim</span> <span class='ocrx_word' id='word_1_32' title='bbox 1100 969 1273 1061; x_wconf 87' lang='lat' dir='ltr'>supersti-</span> 
     </span>
     <span class='ocr_line' id='line_1_6' title="bbox 259 1084 1270 1179; baseline 0.008 -22"><span class='ocrx_word' id='word_1_33' title='bbox 259 1085 354 1158; x_wconf 86' lang='lat' dir='ltr'>tione</span> <span class='ocrx_word' id='word_1_34' title='bbox 372 1084 524 1178; x_wconf 83' lang='lat' dir='ltr'>suscipi3</span> <span class='ocrx_word' id='word_1_35' title='bbox 546 1085 612 1156; x_wconf 89' lang='lat' dir='ltr'>ista</span> <span class='ocrx_word' id='word_1_36' title='bbox 631 1095 709 1157; x_wconf 88' lang='lat' dir='ltr'>arte</span> <span class='ocrx_word' id='word_1_37' title='bbox 727 1096 813 1179; x_wconf 88' lang='lat' dir='ltr'>quot</span> <span class='ocrx_word' id='word_1_38' title='bbox 835 1086 1000 1159; x_wconf 83' lang='lat' dir='ltr'>obductae</span> <span class='ocrx_word' id='word_1_39' title='bbox 1019 1090 1148 1160; x_wconf 87' lang='lat' dir='ltr'>animis</span> <span class='ocrx_word' id='word_1_40' title='bbox 1172 1102 1270 1165; x_wconf 85' lang='lat' dir='ltr'>tene·</span> 
     </span>
     <span class='ocr_line' id='line_1_7' title="bbox 257 1212 1271 1312; baseline 0.008 -29"><span class='ocrx_word' id='word_1_41' title='bbox 257 1213 345 1301; x_wconf 84' lang='lat' dir='ltr'>brae,</span> <span class='ocrx_word' id='word_1_42' title='bbox 360 1212 420 1305; x_wconf 92' lang='lat' dir='ltr'>qui</span> <span class='ocrx_word' id='word_1_43' title='bbox 433 1212 563 1283; x_wconf 85' lang='lat' dir='ltr'>invecti</span> <span class='ocrx_word' id='word_1_44' title='bbox 580 1213 711 1283; x_wconf 85' lang='lat' dir='ltr'>metus!</span> <span class='ocrx_word' id='word_1_45' title='bbox 726 1212 814 1306; x_wconf 89' lang='lat' dir='ltr'>quid</span> <span class='ocrx_word' id='word_1_46' title='bbox 829 1213 970 1285; x_wconf 88' lang='lat' dir='ltr'>tandem</span> <span class='ocrx_word' id='word_1_47' title='bbox 988 1217 1140 1290; x_wconf 87' lang='lat' dir='ltr'>scaenico</span> <span class='ocrx_word' id='word_1_48' title='bbox 1157 1218 1271 1312; x_wconf 80' lang='lat' dir='ltr'>philo-</span> 
     </span>
     <span class='ocr_line' id='line_1_8' title="bbox 257 1333 1270 1438; baseline 0.007 -29"><span class='ocrx_word' id='word_1_49' title='bbox 257 1333 519 1433; x_wconf 85' lang='lat' dir='ltr'>saph0(i)cum</span> <span class='ocrx_word' id='word_1_50' title='bbox 530 1336 816 1409; x_wconf 86' lang='lat' dir='ltr'>istishominibus</span> <span class='ocrx_word' id='word_1_51' title='bbox 826 1338 995 1410; x_wconf 77' lang='lat' dir='ltr'>intererat</span> <span class='ocrx_word' id='word_1_52' title='bbox 1007 1342 1068 1433; x_wconf 90' lang='lat' dir='ltr'>qui</span> <span class='ocrx_word' id='word_1_53' title='bbox 1082 1345 1270 1438; x_wconf 86' lang='lat' dir='ltr'>autspecie</span> 
     </span>
     <span class='ocr_line' id='line_1_9' title="bbox 256 1462 1268 1558; baseline 0.006 -24"><span class='ocrx_word' id='word_1_54' title='bbox 256 1473 317 1534; x_wconf 90' lang='lat' dir='ltr'>aut</span> <span class='ocrx_word' id='word_1_55' title='bbox 329 1464 452 1556; x_wconf 91' lang='lat' dir='ltr'>reipsa</span> <span class='ocrx_word' id='word_1_56' title='bbox 471 1462 642 1558; x_wconf 85' lang='lat' dir='ltr'>lymphati</span> <span class='ocrx_word' id='word_1_57' title='bbox 662 1484 723 1534; x_wconf 88' lang='lat' dir='ltr'>nra</span> <span class='ocrx_word' id='word_1_58' title='bbox 738 1462 968 1534; x_wconf 79' lang='lat' dir='ltr'>audientibus</span> <span class='ocrx_word' id='word_1_59' title='bbox 987 1465 1215 1539; x_wconf 84' lang='lat' dir='ltr'>sublinebant</span> <span class='ocrx_word' id='word_1_60' title='bbox 1232 1478 1268 1540; x_wconf 88' lang='lat' dir='ltr'>et</span> 
     </span>
     <span class='ocr_line' id='line_1_10' title="bbox 255 1585 1282 1684; baseline 0.005 -25"><span class='ocrx_word' id='word_1_61' title='bbox 255 1609 359 1660; x_wconf 83' lang='lat' dir='ltr'>caecae</span> <span class='ocrx_word' id='word_1_62' title='bbox 373 1589 486 1659; x_wconf 86' lang='lat' dir='ltr'>turbae</span> <span class='ocrx_word' id='word_1_63' title='bbox 497 1587 739 1660; x_wconf 84' lang='lat' dir='ltr'>credulitatem</span> <span class='ocrx_word' id='word_1_64' title='bbox 755 1585 1188 1684; x_wconf 85' lang='lat' dir='ltr'>ludificabantureamque</span> <span class='ocrx_word' id='word_1_65' title='bbox 1199 1593 1282 1663; x_wconf 63' lang='lat' dir='ltr'>sibix</span> 
     </span>
     <span class='ocr_line' id='line_1_11' title="bbox 255 1710 1268 1807; baseline 0.004 -24"><span class='ocrx_word' id='word_1_66' title='bbox 255 1714 406 1807; x_wconf 86' lang='lat' dir='ltr'>quaestui</span> <span class='ocrx_word' id='word_1_67' title='bbox 419 1735 502 1784; x_wconf 87' lang='lat' dir='ltr'>esse</span> <span class='ocrx_word' id='word_1_68' title='bbox 522 1710 870 1795; x_wconf 83' lang='lat' dir='ltr'>volebant‘iQuoties</span> <span class='ocrx_word' id='word_1_69' title='bbox 891 1713 1128 1807; x_wconf 87' lang='lat' dir='ltr'>nequissimus</span> <span class='ocrx_word' id='word_1_70' title='bbox 1149 1716 1268 1787; x_wconf 91' lang='lat' dir='ltr'>homi·</span> 
     </span>
     <span class='ocr_line' id='line_1_12' title="bbox 255 1835 1264 1930; baseline 0.004 -23"><span class='ocrx_word' id='word_1_71' title='bbox 255 1858 318 1909; x_wconf 87' lang='lat' dir='ltr'>nes</span> <span class='ocrx_word' id='word_1_72' title='bbox 329 1836 468 1909; x_wconf 86' lang='lat' dir='ltr'>viderat</span> <span class='ocrx_word' id='word_1_73' title='bbox 482 1836 564 1908; x_wconf 87' lang='lat' dir='ltr'>hine</span> <span class='ocrx_word' id='word_1_74' title='bbox 578 1837 675 1908; x_wconf 86' lang='lat' dir='ltr'>illinc</span> <span class='ocrx_word' id='word_1_75' title='bbox 687 1835 828 1909; x_wconf 87' lang='lat' dir='ltr'>oracula</span> <span class='ocrx_word' id='word_1_76' title='bbox 849 1847 883 1908; x_wconf 94' lang='lat' dir='ltr'>et</span> <span class='ocrx_word' id='word_1_77' title='bbox 897 1838 1117 1930; x_wconf 85' lang='lat' dir='ltr'>conjecturas</span> <span class='ocrx_word' id='word_1_78' title='bbox 1138 1850 1174 1912; x_wconf 89' lang='lat' dir='ltr'>et</span> <span class='ocrx_word' id='word_1_79' title='bbox 1195 1852 1264 1912; x_wconf 91' lang='lat' dir='ltr'>ter-</span> 
     </span>
     <span class='ocr_line' id='line_1_13' title="bbox 253 1961 1267 2059; baseline 0.004 -26"><span class='ocrx_word' id='word_1_80' title='bbox 253 1961 369 2035; x_wconf 86' lang='lat' dir='ltr'>rificas</span> <span class='ocrx_word' id='word_1_81' title='bbox 397 1964 667 2036; x_wconf 83' lang='lat' dir='ltr'>vaticinationes</span> <span class='ocrx_word' id='word_1_82' title='bbox 681 1962 853 2059; x_wconf 87' lang='lat' dir='ltr'>jactando</span> <span class='ocrx_word' id='word_1_83' title='bbox 877 1962 923 2035; x_wconf 92' lang='lat' dir='ltr'>ad</span> <span class='ocrx_word' id='word_1_84' title='bbox 955 1965 1120 2035; x_wconf 86' lang='lat' dir='ltr'>exsilium</span> <span class='ocrx_word' id='word_1_85' title='bbox 1140 1968 1267 2038; x_wconf 89' lang='lat' dir='ltr'>autad</span> 
     </span>
     <span class='ocr_line' id='line_1_14' title="bbox 252 2088 1266 2186; baseline -0.001 -24"><span class='ocrx_word' id='word_1_86' title='bbox 252 2097 402 2162; x_wconf 86' lang='lat' dir='ltr'>mertem</span> <span class='ocrx_word' id='word_1_87' title='bbox 413 2090 509 2161; x_wconf 86' lang='lat' dir='ltr'>uiros</span> <span class='ocrx_word' id='word_1_88' title='bbox 519 2089 713 2160; x_wconf 81' lang='lat' dir='ltr'>adduxisse</span> <span class='ocrx_word' id='word_1_89' title='bbox 727 2088 1030 2184; x_wconf 70' lang='lat' dir='ltr'>sapientissimos?</span> <span class='ocrx_word' id='word_1_90' title='bbox 1042 2089 1166 2162; x_wconf 82' lang='lat' dir='ltr'>Paucis</span> <span class='ocrx_word' id='word_1_91' title='bbox 1183 2091 1266 2186; x_wconf 91' lang='lat' dir='ltr'>qui·</span> 
     </span>
     <span class='ocr_line' id='line_1_15' title="bbox 199 2213 1265 2311; baseline 0.001 -25"><span class='ocrx_word' id='word_1_92' title='bbox 199 2246 205 2255; x_wconf 93' lang='lat'><strong>·</strong></span> <span class='ocrx_word' id='word_1_93' title='bbox 253 2213 334 2286; x_wconf 87' lang='lat' dir='ltr'>dem</span> <span class='ocrx_word' id='word_1_94' title='bbox 351 2215 508 2309; x_wconf 85' lang='lat' dir='ltr'>exceptis</span> <span class='ocrx_word' id='word_1_95' title='bbox 520 2214 619 2302; x_wconf 86' lang='lat' dir='ltr'>locis,</span> <span class='ocrx_word' id='word_1_96' title='bbox 631 2214 762 2308; x_wconf 84' lang='lat' dir='ltr'>quibus</span> <span class='ocrx_word' id='word_1_97' title='bbox 774 2223 877 2308; x_wconf 88' lang='lat' dir='ltr'>poeta</span> <span class='ocrx_word' id='word_1_98' title='bbox 894 2235 966 2286; x_wconf 90' lang='lat' dir='ltr'>nun</span> <span class='ocrx_word' id='word_1_99' title='bbox 979 2223 1049 2285; x_wconf 89' lang='lat' dir='ltr'>tam</span> <span class='ocrx_word' id='word_1_100' title='bbox 1063 2238 1137 2287; x_wconf 89' lang='lat' dir='ltr'>rem</span> <span class='ocrx_word' id='word_1_101' title='bbox 1151 2215 1265 2311; x_wconf 89' lang='lat' dir='ltr'>ipsam</span> 
     </span>
     <span class='ocr_line' id='line_1_16' title="bbox 251 2339 1264 2435; baseline 0 -23"><span class='ocrx_word' id='word_1_102' title='bbox 251 2362 358 2435; x_wconf 90' lang='lat' dir='ltr'>quam</span> <span class='ocrx_word' id='word_1_103' title='bbox 378 2341 544 2435; x_wconf 89' lang='lat' dir='ltr'>pietatem</span> <span class='ocrx_word' id='word_1_104' title='bbox 564 2339 710 2413; x_wconf 88' lang='lat' dir='ltr'>heroum</span> <span class='ocrx_word' id='word_1_105' title='bbox 731 2362 751 2410; x_wconf 91' lang='lat' dir='ltr'>a</span> <span class='ocrx_word' id='word_1_106' title='bbox 770 2340 878 2411; x_wconf 91' lang='lat' dir='ltr'>nimia</span> <span class='ocrx_word' id='word_1_107' title='bbox 896 2339 952 2412; x_wconf 92' lang='lat' dir='ltr'>sui</span> <span class='ocrx_word' id='word_1_108' title='bbox 971 2339 1117 2412; x_wconf 84' lang='lat' dir='ltr'>fidentia</span> <span class='ocrx_word' id='word_1_109' title='bbox 1133 2341 1264 2415; x_wconf 86' lang='lat' dir='ltr'>abhor-</span> 
     </span>
     <span class='ocr_line' id='line_1_17' title="bbox 251 2462 1268 2560; baseline 0.001 -23"><span class='ocrx_word' id='word_1_110' title='bbox 251 2465 404 2537; x_wconf 81' lang='lat' dir='ltr'>rentium</span> <span class='ocrx_word' id='word_1_111' title='bbox 423 2465 600 2537; x_wconf 87' lang='lat' dir='ltr'>collaudat</span> <span class='ocrx_word' id='word_1_112' title='bbox 614 2462 749 2560; x_wconf 60' lang='lat' dir='ltr'>(supa,</span> <span class='ocrx_word' id='word_1_113' title='bbox 775 2465 847 2534; x_wconf 94' lang='grc'>455</span> <span class='ocrx_word' id='word_1_114' title='bbox 863 2474 899 2536; x_wconf 90' lang='lat' dir='ltr'>et</span> <span class='ocrx_word' id='word_1_115' title='bbox 917 2486 948 2537; x_wconf 90' lang='lat' dir='ltr'>s.</span> <span class='ocrx_word' id='word_1_116' title='bbox 970 2467 1091 2559; x_wconf 61' lang='lat' dir='ltr'>Hipp„</span> <span class='ocrx_word' id='word_1_117' title='bbox 1116 2465 1210 2536; x_wconf 85' lang='grc'>4055</span> <span class='ocrx_word' id='word_1_118' title='bbox 1231 2476 1268 2538; x_wconf 89' lang='lat' dir='ltr'>et</span> 
     </span>
     <span class='ocr_line' id='line_1_18' title="bbox 254 2587 1265 2693; baseline 0.002 -33"><span class='ocrx_word' id='word_1_119' title='bbox 254 2589 361 2663; x_wconf 86' lang='grc'>4324.</span> <span class='ocrx_word' id='word_1_120' title='bbox 383 2592 524 2679; x_wconf 69' lang='lat' dir='ltr'>Ptoeu„</span> <span class='ocrx_word' id='word_1_121' title='bbox 544 2590 616 2660; x_wconf 88' lang='grc'>700</span> <span class='ocrx_word' id='word_1_122' title='bbox 631 2599 666 2662; x_wconf 90' lang='lat' dir='ltr'>et</span> <span class='ocrx_word' id='word_1_123' title='bbox 685 2612 716 2662; x_wconf 88' lang='lat' dir='ltr'>s.</span> <span class='ocrx_word' id='word_1_124' title='bbox 732 2591 846 2678; x_wconf 72' lang='lat' dir='ltr'>Rhea,</span> <span class='ocrx_word' id='word_1_125' title='bbox 862 2587 924 2680; x_wconf 87' lang='grc'>28,</span> <span class='ocrx_word' id='word_1_126' title='bbox 947 2590 1006 2660; x_wconf 87' lang='grc'>30.</span> <span class='ocrx_word' id='word_1_127' title='bbox 1029 2593 1179 2693; x_wconf 68' lang='lat' dir='ltr'>Hercei„</span> <span class='ocrx_word' id='word_1_128' title='bbox 1194 2588 1265 2661; x_wconf 90' lang='grc'>340</span> 
     </span>
     <span class='ocr_line' id='line_1_19' title="bbox 251 2714 1265 2812; baseline -0.002 -23"><span class='ocrx_word' id='word_1_129' title='bbox 251 2727 288 2789; x_wconf 85' lang='lat' dir='ltr'>et</span> <span class='ocrx_word' id='word_1_130' title='bbox 308 2714 395 2812; x_wconf 92' lang='grc'>404)</span> <span class='ocrx_word' id='word_1_131' title='bbox 411 2715 665 2788; x_wconf 88' lang='lat' dir='ltr'>divinationem</span> <span class='ocrx_word' id='word_1_132' title='bbox 695 2726 733 2786; x_wconf 94' lang='lat' dir='ltr'>ut</span> <span class='ocrx_word' id='word_1_133' title='bbox 760 2737 841 2809; x_wconf 87' lang='lat' dir='ltr'>quaa</span> <span class='ocrx_word' id='word_1_134' title='bbox 865 2715 1013 2787; x_wconf 88' lang='lat' dir='ltr'>deorum</span> <span class='ocrx_word' id='word_1_135' title='bbox 1043 2715 1265 2811; x_wconf 49' lang='lat' dir='ltr'>cuitursepa·</span> 
     </span>
     <span class='ocr_line' id='line_1_20' title="bbox 251 2839 1273 2937; baseline -0.001 -24"><span class='ocrx_word' id='word_1_136' title='bbox 251 2843 321 2913; x_wconf 86' lang='lat' dir='ltr'>rari</span> <span class='ocrx_word' id='word_1_137' title='bbox 340 2842 451 2937; x_wconf 86' lang='lat' dir='ltr'>possit</span> <span class='ocrx_word' id='word_1_138' title='bbox 477 2841 622 2914; x_wconf 88' lang='lat' dir='ltr'>omnino</span> <span class='ocrx_word' id='word_1_139' title='bbox 648 2840 855 2912; x_wconf 84' lang='lat' dir='ltr'>antemisit</span> <span class='ocrx_word' id='word_1_140' title='bbox 880 2839 980 2936; x_wconf 90' lang='lat' dir='ltr'>(vide</span> <span class='ocrx_word' id='word_1_141' title='bbox 1008 2851 1136 2933; x_wconf 88' lang='lat' dir='ltr'>quotus</span> <span class='ocrx_word' id='word_1_142' title='bbox 1166 2841 1273 2933; x_wconf 66' lang='lat' dir='ltr'>quie·</span> 
     </span>
     <span class='ocr_line' id='line_1_21' title="bbox 250 2962 1260 3062; baseline 0 -25"><span class='ocrx_word' id='word_1_143' title='bbox 250 2990 321 3062; x_wconf 90' lang='lat' dir='ltr'>que</span> <span class='ocrx_word' id='word_1_144' title='bbox 333 2967 368 3036; x_wconf 90' lang='lat' dir='ltr'>in</span> <span class='ocrx_word' id='word_1_145' title='bbox 380 2977 430 3039; x_wconf 89' lang='lat' dir='ltr'>tot</span> <span class='ocrx_word' id='word_1_146' title='bbox 442 2966 570 3038; x_wconf 88' lang='lat' dir='ltr'>fabulis</span> <span class='ocrx_word' id='word_1_147' title='bbox 584 2977 684 3038; x_wconf 84' lang='lat' dir='ltr'>vates</span> <span class='ocrx_word' id='word_1_148' title='bbox 697 2965 862 3036; x_wconf 87' lang='lat' dir='ltr'>inductus</span> <span class='ocrx_word' id='word_1_149' title='bbox 872 2963 946 3061; x_wconf 85' lang='lat' dir='ltr'>sit),</span> <span class='ocrx_word' id='word_1_150' title='bbox 956 2976 1017 3035; x_wconf 89' lang='lat' dir='ltr'>aut</span> <span class='ocrx_word' id='word_1_151' title='bbox 1027 2962 1260 3059; x_wconf 73' lang='lat' dir='ltr'>elevavit(2)‚</span> 
     </span>
     <span class='ocr_line' id='line_1_22' title="bbox 249 3089 1263 3186; baseline -0.003 -23"><span class='ocrx_word' id='word_1_152' title='bbox 249 3114 366 3185; x_wconf 86' lang='lat' dir='ltr'>neque</span> <span class='ocrx_word' id='word_1_153' title='bbox 383 3094 459 3184; x_wconf 89' lang='lat' dir='ltr'>ejus</span> <span class='ocrx_word' id='word_1_154' title='bbox 476 3092 663 3186; x_wconf 87' lang='lat' dir='ltr'>carpendae</span> <span class='ocrx_word' id='word_1_155' title='bbox 682 3089 978 3185; x_wconf 88' lang='lat' dir='ltr'>opportunitatem</span> <span class='ocrx_word' id='word_1_156' title='bbox 996 3090 1102 3161; x_wconf 91' lang='lat' dir='ltr'>ullam</span> <span class='ocrx_word' id='word_1_157' title='bbox 1120 3111 1189 3160; x_wconf 90' lang='lat' dir='ltr'>non</span> <span class='ocrx_word' id='word_1_158' title='bbox 1208 3100 1263 3162; x_wconf 89' lang='lat' dir='ltr'>est</span> 
     </span>
     <span class='ocr_line' id='line_1_23' title="bbox 249 3216 1260 3317; baseline -0.002 -24"><span class='ocrx_word' id='word_1_159' title='bbox 249 3232 401 3294; x_wconf 87' lang='lat' dir='ltr'>sectatus</span> <span class='ocrx_word' id='word_1_160' title='bbox 415 3220 527 3317; x_wconf 78' lang='lat' dir='ltr'>(Hei,</span> <span class='ocrx_word' id='word_1_161' title='bbox 540 3219 612 3292; x_wconf 91' lang='grc'>744</span> <span class='ocrx_word' id='word_1_162' title='bbox 627 3231 663 3292; x_wconf 92' lang='lat' dir='ltr'>et</span> <span class='ocrx_word' id='word_1_163' title='bbox 677 3243 724 3309; x_wconf 89' lang='lat' dir='ltr'>s.,</span> <span class='ocrx_word' id='word_1_164' title='bbox 743 3220 814 3289; x_wconf 84' lang='lat'>753</span> <span class='ocrx_word' id='word_1_165' title='bbox 824 3229 859 3291; x_wconf 88' lang='lat' dir='ltr'>et</span> <span class='ocrx_word' id='word_1_166' title='bbox 870 3242 901 3290; x_wconf 92' lang='lat' dir='ltr'>s.</span> <span class='ocrx_word' id='word_1_167' title='bbox 915 3216 1136 3314; x_wconf 72' lang='lat' dir='ltr'>aucr.„tuo.</span> <span class='ocrx_word' id='word_1_168' title='bbox 1148 3220 1260 3313; x_wconf 70' lang='lat' dir='ltr'>Iptiq.</span> 
     </span>
     <span class='ocr_line' id='line_1_24' title="bbox 247 3343 1043 3442; baseline -0.008 -21"><span class='ocrx_word' id='word_1_169' title='bbox 247 3350 345 3437; x_wconf 78' lang='lat' dir='ltr'>Aut,</span> <span class='ocrx_word' id='word_1_170' title='bbox 367 3348 437 3417; x_wconf 83' lang='lat'>956</span> <span class='ocrx_word' id='word_1_171' title='bbox 456 3358 537 3419; x_wconf 93' lang='lat' dir='ltr'>ets.</span> <span class='ocrx_word' id='word_1_172' title='bbox 560 3348 671 3442; x_wconf 69' lang='lat' dir='ltr'>iptiq.</span> <span class='ocrx_word' id='word_1_173' title='bbox 695 3348 812 3435; x_wconf 64' lang='lat' dir='ltr'>Tuum,</span> <span class='ocrx_word' id='word_1_174' title='bbox 837 3343 901 3415; x_wconf 87' lang='grc'>574</span> <span class='ocrx_word' id='word_1_175' title='bbox 926 3354 962 3417; x_wconf 92' lang='lat' dir='ltr'>et</span> <span class='ocrx_word' id='word_1_176' title='bbox 980 3346 1043 3438; x_wconf 78' lang='lat' dir='ltr'>s).</span> 
     </span>
    </p>

    <p class='ocr_par' dir='ltr' id='par_1_3' title="bbox 298 3464 1258 3567">
     <span class='ocr_line' id='line_1_25' title="bbox 298 3464 1258 3567; baseline -0.007 -21"><span class='ocrx_word' id='word_1_177' title='bbox 298 3475 446 3546; x_wconf 61' lang='lat' dir='ltr'>&amp;acutis</span> <span class='ocrx_word' id='word_1_178' title='bbox 465 3474 623 3567; x_wconf 89' lang='lat' dir='ltr'>quidem,</span> <span class='ocrx_word' id='word_1_179' title='bbox 644 3493 845 3566; x_wconf 91' lang='lat' dir='ltr'>quanquam</span> <span class='ocrx_word' id='word_1_180' title='bbox 870 3492 991 3544; x_wconf 89' lang='lat' dir='ltr'>eorum</span> <span class='ocrx_word' id='word_1_181' title='bbox 1007 3464 1096 3542; x_wconf 85' lang='lat' dir='ltr'>fides</span> <span class='ocrx_word' id='word_1_182' title='bbox 1113 3468 1258 3564; x_wconf 84' lang='lat' dir='ltr'>paulum</span> 
     </span>
    </p>
   </div>
   <div class='ocr_carea' id='block_1_2' title="bbox 247 3753 1259 3933">
    <p class='ocr_par' dir='ltr' id='par_1_4' title="bbox 247 3753 1259 3933">
     <span class='ocr_line' id='line_1_26' title="bbox 286 3753 1259 3843; baseline -0.005 -29"><span class='ocrx_word' id='word_1_183' title='bbox 286 3760 324 3829; x_wconf 92' lang='grc'>(4)</span> <span class='ocrx_word' id='word_1_184' title='bbox 339 3757 468 3831; x_wconf 60' lang='lat' dir='ltr'>vitruv„</span> <span class='ocrx_word' id='word_1_185' title='bbox 482 3759 577 3828; x_wconf 63' lang='lat' dir='ltr'>pras„</span> <span class='ocrx_word' id='word_1_186' title='bbox 594 3755 731 3814; x_wconf 74' lang='lat' dir='ltr'>viltor.</span> <span class='ocrx_word' id='word_1_187' title='bbox 747 3754 837 3812; x_wconf 86' lang='lat' dir='ltr'>Clem.</span> <span class='ocrx_word' id='word_1_188' title='bbox 853 3756 950 3821; x_wconf 72' lang='lat' dir='ltr'>Alex„</span> <span class='ocrx_word' id='word_1_189' title='bbox 966 3756 1082 3821; x_wconf 72' lang='lat' dir='ltr'>Sinum,</span> <span class='ocrx_word' id='word_1_190' title='bbox 1100 3754 1138 3818; x_wconf 87' lang='lat' dir='ltr'>V,</span> <span class='ocrx_word' id='word_1_191' title='bbox 1156 3753 1198 3818; x_wconf 88' lang='grc'>40,</span> <span class='ocrx_word' id='word_1_192' title='bbox 1215 3754 1259 3843; x_wconf 79' lang='grc'>74,</span> 
     </span>
     <span class='ocr_line' id='line_1_27' title="bbox 247 3852 1258 3933; baseline -0.009 -18"><span class='ocrx_word' id='word_1_193' title='bbox 247 3877 279 3932; x_wconf 88' lang='lat' dir='ltr'>p.</span> <span class='ocrx_word' id='word_1_194' title='bbox 294 3859 346 3915; x_wconf 77' lang='lat'>688</span> <span class='ocrx_word' id='word_1_195' title='bbox 360 3856 393 3915; x_wconf 93' lang='grc' dir='ltr'>Ρ.</span> <span class='ocrx_word' id='word_1_196' title='bbox 416 3882 422 3914; x_wconf 78' lang='lat' dir='ltr'>z</span> <span class='ocrx_word' id='word_1_197' title='bbox 439 3872 453 3920; x_wconf 84' lang='grc' dir='ltr'><strong>ὁ</strong></span> <span class='ocrx_word' id='word_1_198' title='bbox 470 3869 510 3920; x_wconf 80' lang='grc' dir='ltr'>ἐπὶ</span> <span class='ocrx_word' id='word_1_199' title='bbox 525 3874 567 3930; x_wconf 84' lang='grc' dir='ltr'>τῆς</span> <span class='ocrx_word' id='word_1_200' title='bbox 586 3874 676 3930; x_wconf 74' lang='grc' dir='ltr'>σκηνῆς</span> <span class='ocrx_word' id='word_1_201' title='bbox 691 3868 835 3933; x_wconf 82' lang='grc' dir='ltr'>φιλοσόφος,</span> <span class='ocrx_word' id='word_1_202' title='bbox 851 3861 880 3912; x_wconf 79' lang='lat' dir='ltr'>et</span> <span class='ocrx_word' id='word_1_203' title='bbox 894 3855 1015 3925; x_wconf 69' lang='lat' dir='ltr'>Athen,</span> <span class='ocrx_word' id='word_1_204' title='bbox 1032 3853 1123 3920; x_wconf 86' lang='grc' dir='ltr'>ΧΙΠ,</span> <span class='ocrx_word' id='word_1_205' title='bbox 1139 3872 1168 3926; x_wconf 90' lang='lat' dir='ltr'>p.</span> <span class='ocrx_word' id='word_1_206' title='bbox 1184 3852 1233 3911; x_wconf 78' lang='lat'>561</span> <span class='ocrx_word' id='word_1_207' title='bbox 1251 3873 1258 3909; x_wconf 74' lang='grc' dir='ltr'><strong><em>ε</em></strong></span> 
     </span>
    </p>
   </div>
   <div class='ocr_carea' id='block_1_3' title="bbox 245 3950 1262 4219">
    <p class='ocr_par' dir='ltr' id='par_1_5' title="bbox 245 3950 1262 4219">
     <span class='ocr_line' id='line_1_28' title="bbox 247 3950 579 4022; baseline -0.006 -14"><span class='ocrx_word' id='word_1_208' title='bbox 247 3962 292 4009; x_wconf 83' lang='grc' dir='ltr'>τοῦ</span> <span class='ocrx_word' id='word_1_209' title='bbox 306 3962 423 4017; x_wconf 77' lang='grc' dir='ltr'>σκηνικοῦ</span> <span class='ocrx_word' id='word_1_210' title='bbox 437 3950 579 4022; x_wconf 72' lang='grc' dir='ltr'><strong>φιλοσόφου.</strong></span> 
     </span>
     <span class='ocr_line' id='line_1_29' title="bbox 285 4034 1262 4118; baseline -0.006 -14"><span class='ocrx_word' id='word_1_211' title='bbox 285 4047 323 4118; x_wconf 71' lang='lat' dir='ltr'>(i)</span> <span class='ocrx_word' id='word_1_212' title='bbox 342 4047 418 4103; x_wconf 87' lang='lat' dir='ltr'>Vide</span> <span class='ocrx_word' id='word_1_213' title='bbox 433 4034 604 4114; x_wconf 79' lang='lat' dir='ltr'>Muncuurt,</span> <span class='ocrx_word' id='word_1_214' title='bbox 619 4048 656 4104; x_wconf 84' lang='lat' dir='ltr'>De</span> <span class='ocrx_word' id='word_1_215' title='bbox 674 4051 754 4117; x_wconf 78' lang='lat' dir='ltr'>parte</span> <span class='ocrx_word' id='word_1_216' title='bbox 773 4047 890 4102; x_wconf 79' lang='lat' dir='ltr'>satirica</span> <span class='ocrx_word' id='word_1_217' title='bbox 909 4050 934 4100; x_wconf 85' lang='lat' dir='ltr'>ct</span> <span class='ocrx_word' id='word_1_218' title='bbox 953 4045 1055 4100; x_wconf 76' lang='lat' dir='ltr'>continu</span> <span class='ocrx_word' id='word_1_219' title='bbox 1070 4045 1100 4099; x_wconf 85' lang='lat' dir='ltr'>in</span> <span class='ocrx_word' id='word_1_220' title='bbox 1120 4042 1262 4111; x_wconf 72' lang='lat' dir='ltr'>traqeiiis</span> 
     </span>
     <span class='ocr_line' id='line_1_30' title="bbox 245 4141 1080 4219; baseline -0.008 -15"><span class='ocrx_word' id='word_1_221' title='bbox 245 4147 401 4218; x_wconf 78' lang='lat' dir='ltr'>Euripidis.</span> <span class='ocrx_word' id='word_1_222' title='bbox 419 4144 552 4201; x_wconf 87' lang='lat' dir='ltr'>Divioue.</span> <span class='ocrx_word' id='word_1_223' title='bbox 569 4145 647 4212; x_wconf 85' lang='grc'>4054,</span> <span class='ocrx_word' id='word_1_224' title='bbox 663 4163 692 4219; x_wconf 90' lang='lat' dir='ltr'>p.</span> <span class='ocrx_word' id='word_1_225' title='bbox 709 4144 753 4211; x_wconf 79' lang='lat' dir='ltr'>at,</span> <span class='ocrx_word' id='word_1_226' title='bbox 765 4151 794 4200; x_wconf 84' lang='lat' dir='ltr'>et</span> <span class='ocrx_word' id='word_1_227' title='bbox 807 4149 895 4216; x_wconf 88' lang='lat' dir='ltr'>caput</span> <span class='ocrx_word' id='word_1_228' title='bbox 909 4141 1080 4199; x_wconf 86' lang='lat' dir='ltr'>secuudum.</span> 
     </span>
    </p>
   </div>
   <div class='ocr_carea' id='block_1_4' title="bbox 0 0 1552 4970">
    <p class='ocr_par' dir='ltr' id='par_1_6' title="bbox 0 0 1552 4970">
     <span class='ocr_line' id='line_1_31' title="bbox 0 0 1552 4970; baseline 0 5"><span class='ocrx_word' id='word_1_229' title='bbox 0 0 1552 4970; x_wconf 95' lang='lat' dir='ltr'> </span> 
     </span>
    </p>
   </div>
  </div>
 </body>
</html>
