3094 4970
716 533 876 595 ..45-

291 675 442 765 menti03
465 674 649 745 sedetiam
671 694 852 765 nunquam
875 672 941 742 luit
961 671 1053 742 vatis
1081 670 1218 742 indoles
1237 678 1299 740 aut

289 811 365 872 arte
384 811 420 869 et
438 801 556 869 animo
573 800 700 889 major,
727 807 788 867 aut
807 797 989 868 voluntate
1017 794 1171 883 firmior,
1195 815 1299 886 aeque

289 925 393 995 dictis
422 946 462 1012 ac
482 924 623 994 silentio
642 923 871 1009 admiranda,
903 923 938 990 in
962 921 1135 1014 supplicio
1155 921 1298 990 misera·

290 1051 370 1122 bilis
391 1060 426 1122 et
444 1049 705 1143 quodammodo
725 1048 856 1119 victrix
881 1048 917 1117 in
940 1048 1015 1140 ipsa
1035 1047 1151 1117 clade.

661 1295 933 1357 CASSANDRA.

340 1526 377 1597 ln
395 1530 637 1620 Apomcmnone
661 1527 719 1600 vel
742 1528 896 1622 primum
915 1527 1044 1620 legenti
1064 1522 1300 1620 deprehendi-

293 1661 348 1722 tur
366 1651 397 1721 si
415 1652 533 1723 dicere
550 1653 695 1747 impune
709 1652 810 1742 licet,
832 1658 917 1724 actio
936 1653 1099 1745 quamvis
1121 1651 1198 1722 sine
1217 1671 1303 1722 con·

291 1777 471 1847 trarietate
489 1777 613 1870 duplam
635 1804 642 1847 :
666 1799 736 1848 una
754 1778 858 1873 plane
878 1779 1023 1849 homcac
1042 1788 1078 1848 et
1096 1798 1194 1849 more
1213 1775 1301 1847 alio·

291 1922 368 1971 rum
405 1912 587 1994 poetarum
625 1903 818 1997 disposita,
846 1926 915 1997 qua
949 1925 1058 1996 quum
1095 1902 1303 1972 nuntiantur

290 2026 401 2113 lacta,
419 2026 518 2119 Troja
533 2020 666 2098 scilicet
681 2038 782 2121 capta
795 2045 1031 2120 reversusque
1042 2026 1300 2119 Agamemnon,

291 2159 365 2221 tum
383 2162 526 2245 paratur
545 2153 681 2224 occulte
706 2154 843 2249 sceluS,
872 2154 1027 2246 denique
1055 2152 1304 2224 describuntur

182 2314 185 2318 ·
291 2278 411 2349 verbis
423 2278 497 2348 suis
510 2279 664 2349 inductae
675 2301 849 2372 personae,
867 2278 1128 2371 Agamemnon,
1149 2277 1303 2372 Clytem-

291 2413 420 2473 naestra
447 2402 639 2494 AEgisthus‚
664 2426 745 2497 quae
770 2404 889 2476 omnia
918 2414 1037 2476 nostra
1063 2402 1302 2497 disputatione

292 2549 364 2600 non
382 2538 507 2620 egeut3
538 2530 648 2600 altera
676 2530 770 2601 illius
790 2552 909 2602 comes
932 2531 989 2602 vel
1016 2530 1132 2623 potius
1159 2539 1193 2598 ct
1216 2538 1304 2597 tem·
1367 2570 1370 2576 Α

293 2673 379 2745 pore
397 2653 553 2724 anterior
569 2663 604 2724 et
619 2655 655 2725 vi
673 2655 854 2748 superior,
875 2677 955 2746 quae
981 2653 1077 2723 illam
1097 2652 1225 2722 morari
1249 2652 1302 2722 vi·

289 2775 395 2848 detur
405 2800 617 2872 quamquam
646 2803 722 2851 eam
749 2791 784 2852 et
806 2791 901 2851 creat
924 2791 959 2850 et
983 2788 1167 2872 properat3
1188 2774 1302 2847 omnis

289 2903 383 2974 enim
401 2903 548 2974 deorum
576 2905 760 2977 voluntate
784 2915 921 2976 constat
946 2916 981 2975 et
1005 2924 1107 2975 veras
1130 2902 1303 2972 humana-

290 3048 367 3096 rum
397 3049 513 3097 rerum
542 3051 666 3101 causas
691 3031 865 3120 continet3
894 3031 1020 3100 merito
1042 3050 1126 3119 ergo
1152 3027 1302 3097 dicenda

285 3157 420 3243 drotum·
437 3180 516 3249 quae
539 3159 716 3253 praecipue
740 3170 860 3253 operta
881 3158 1048 3245 recludit,
1071 3159 1227 3229 locorum
1242 3164 1303 3228 aut

289 3290 485 3375 temporum
510 3285 695 3356 intervalla
715 3285 823 3375 tollit,
843 3284 1035 3377 longinqua
1055 3283 1199 3375 quidem
1221 3279 1303 3351 lacit

288 3409 470 3500 propiora3
491 3409 554 3479 sed
574 3408 729 3480 maxime
746 3410 915 3480 memoria
931 3419 991 3479 aut
1006 3408 1207 3499 conjectura
1223 3427 1302 3499 par-

290 3540 343 3601 tes
362 3533 529 3624 temporis
550 3534 710 3605 diversas
728 3536 879 3607 invicem
898 3546 994 3605 certo
1014 3533 1139 3604 ordine
1153 3531 1302 3621 conjun-

291 3659 352 3750 git,
371 3659 557 3752 praeteritis
576 3662 777 3755 praesentia,
797 3660 1029 3753 praesentibus
1052 3658 1182 3727 futura.
1204 3656 1302 3726 Hanc

291 3785 465 3855 actionem
491 3796 552 3855 aut
569 3785 599 3857 si
623 3787 735 3857 maris
759 3786 852 3857 hunc
875 3786 1009 3878 apicem
1036 3785 1144 3856 totius
1169 3785 1221 3856 rei
1241 3784 1304 3854 de·

290 3919 486 3982 monstrant
510 3912 661 4004 primum
681 3921 832 4005 quatuor
849 3909 940 3983 chori
963 3912 1140 3998 carmina,
1169 3908 1299 3983 deinde

291 4036 485 4108 Cassandrae
501 4036 719 4110 vaticinatio.

326 4164 414 4237 'Non
438 4166 543 4257 hujus
567 4166 725 4237 materiae
751 4174 805 4236 est
830 4163 920 4235 aton
945 4169 1091 4235 carmina
1113 4161 1301 4257 persequi;
