3056 4976
649 520 790 584 ..9-

222 658 316 732 Nihil
341 657 452 731 exiis
478 677 559 755 quae
584 658 768 752 proposuit
781 712 792 747 ,
815 661 1043 751 quantumvis
1064 662 1110 732 sit
1135 683 1229 754 mag·

215 806 301 857 num
326 792 362 854 et
385 782 594 871 excelsum,
626 804 673 854 ex
693 782 856 877 populari
872 783 1025 877 primum
1044 785 1140 857 fonte
1159 807 1231 858 non

214 907 354 995 hausit,-
384 919 446 977 aut
475 907 595 1000 aliquo
622 907 767 980 vinculo
793 908 917 1001 patriis
941 908 995 979 dis
1020 921 1081 981 aut
1105 910 1232 982 fabulis

215 1054 288 1104 non
307 1032 472 1122 religavit
491 1030 559 1127 (l).
582 1031 639 1103 Sic
659 1031 844 1126 AEschylus
862 1053 968 1124 qnam
994 1034 1055 1126 qui
1078 1035 1233 1105 maxime

218 1157 283 1226 fuit
303 1155 446 1248 dignior
465 1157 527 1247 qni
546 1166 747 1227 sanctornm
774 1156 916 1228 illorum
940 1166 1123 1249 poetarum
1143 1180 1233 1251 quos
1335 1147 1337 1152 Α

218 1282 342 1353 divino
380 1281 526 1351 numine
558 1281 696 1355 afflatos
730 1282 823 1353 dixit
856 1282 953 1355 Plato
979 1279 1063 1378 (τῶν
1095 1294 1239 1361 ποιητῶν·

218 1413 285 1478 ὅσοι
307 1408 384 1478 θεῖοί
401 1408 493 1496 εἰσιν,
506 1408 635 1496 Meua,
658 1407 725 1495 8l,
746 1406 804 1504 b.)
821 1408 857 1477 in
877 1429 1064 1480 numerum
1085 1430 1234 1504 repone-

220 1540 331 1603 retur.
1043 1546 1048 1549 ‘

266 1657 326 1727 Sin
342 1665 460 1727 autem
481 1656 526 1727 ab
551 1677 595 1727 eo
615 1656 745 1750 petitur
773 1678 892 1728 rerum
920 1657 1123 1729 divinarum
1147 1671 1236 1734 certa

216 1804 257 1854 oe
274 1781 434 1877 descripta
453 1786 562 1870 ratio,
587 1804 715 1854 uereor
732 1803 778 1852 ue
792 1783 925 1876 saepius
946 1784 1006 1854 ubi
1025 1785 1112 1855 nihil
1129 1787 1175 1856 ab
1192 1807 1236 1858 eo

217 1927 426 2002 expressum
457 1909 525 1994 sit,
560 1909 688 1979 trustra
720 1909 835 1979 omnis
871 1909 1084 2003 suscipiatur
1117 1910 1233 2002 labor,
1314 1988 1316 1993 ,

217 2053 311 2105 ueve
339 2032 416 2128 ipsa
441 2033 519 2124 ejus
547 2031 722 2103 sententia
752 2042 1010 2125 corrumpatur.
1047 2033 1234 2131 AEsohylus

220 2157 314 2229 enim
355 2157 560 2229 meditando
598 2167 708 2227 artem
744 2178 843 2228 suam
881 2157 1123 2245 extundebat,
1164 2180 1237 2232 oon

223 2284 406 2375 religionis
436 2283 619 2354 scientiam
653 2282 711 2353 vel
752 2282 916 2353 traditam
954 2295 1145 2378 exceperat
1176 2284 1237 2357 vel

223 2408 378 2501 aequales
397 2406 498 2478 velut
516 2406 709 2499 discipulos
729 2407 899 2497 docebat3
919 2428 984 2478 nee
1004 2408 1144 2503 tenuit,
1169 2431 1237 2480 neo

225 2533 432 2626 desperavit
460 2531 520 2602 ille
551 2552 692 2602 omnem
725 2532 934 2620 veritatem3
973 2552 1093 2602 rerum
1120 2533 1237 2626 potius

218 2658 381 2751 opinator
428 2668 464 2726 et
508 2655 740 2747 investigator
788 2655 854 2725 luit
884 2675 990 2747 quam
1044 2655 1233 2748 magister3

224 2792 261 2854 et
292 2780 469 2875 Euripidis
506 2790 622 2852 cetera
653 2780 799 2852 omniuo
831 2779 1030 2869 dissimilis,
1066 2800 1110 2852 eo
1143 2790 1239 2852 certe

222 2929 294 2980 uon
329 2917 382 2977 est
411 2906 544 3000 dispar,
577 2905 674 3001 quod
710 2904 790 2999 plus
828 2904 996 2998 quaesivit
1029 2926 1136 3000 quam
1169 2903 1239 2978 sibi

220 3036 403 3109 invenisse
427 3036 526 3107 visus
551 3044 618 3106 est.
640 3074 687 3088 -
719 3033 792 3104 Nee
817 3033 945 3104 mirum
968 3033 999 3104 si
1027 3034 1165 3106 nutavit
1189 3032 1240 3104 ibi

223 3160 402 3232 interdum
427 3169 489 3230 aot
513 3179 637 3252 parum
664 3158 732 3228 sibi
759 3158 917 3231 constitit
945 3158 1116 3251 optimum
1151 3156 1240 3228 illud

224 3285 424 3378 ingenium,
449 3305 559 3377 quum
582 3283 882 3377 insuperabilibus
902 3282 1005 3355 nodis
1030 3283 1240 3377 impeditum

222 3579 254 3633 in
270 3576 436 3634 Promethei
456 3577 588 3650 partibus
604 3575 761 3649 deperditis
777 3573 825 3647 (V.
842 3573 966 3647 Haym.,
982 3576 1001 3630 1.
1017 3577 1055 3641 l.,
1071 3594 1100 3650 p.
1118 3576 1175 3646 il),
1190 3578 1242 3650 qui

222 3675 341 3748 quidem
365 3677 420 3732 fuit
440 3676 470 3731 iu
494 3674 583 3730 unius
602 3673 734 3746 AEsehyli
754 3672 860 3728 fabulis
882 3671 1021 3728 inductus
1044 3674 1102 3740 (ul.
1124 3675 1155 3730 iu
1174 3674 1244 3734 Vita
1350 3729 1351 3732 ,

222 3773 356 3846 AEschyli
374 3781 503 3831 extrema
524 3771 678 3848 [Dind01·f.,
695 3777 717 3828 t.
734 3770 795 3838 III,
811 3788 841 3843 p.
862 3771 907 3840 81,
925 3773 968 3826 καί
981 3792 1045 3835 τινες
1058 3776 1104 3836 ἤδη
1118 3779 1167 3825 τῶν
1186 3792 1245 3840 τρα-

223 3871 323 3936 γωδιῶν
338 3873 405 3937 αὐτῷ
419 3872 460 3922 διὰ
473 3872 556 3936 μόνων
570 3870 759 3934 οἶκονομοῦνται
775 3869 854 3925 θεῶν.
868 3868 977 3933 καθάπερ
996 3867 1019 3916 ol
1032 3865 1195 3932 Προμηθεῖς);
1213 3889 1244 3901 ·-

222 3969 254 4019 et
263 3962 434 4034 Aphrodites
447 3962 478 4017 in
492 3957 752 4027 Danaide,fr.108.
767 3989 802 4002 -
814 3956 854 4013 Iu·
863 3956 1001 4015 Thressis
1015 3954 1167 4021 autem,tr.
1180 3952 1244 4020 155,

221 4057 292 4115 deur
305 4057 392 4130 Ajaoi
408 4057 538 4113 ostendit
551 4072 610 4129 quo
623 4057 689 4113 loco
702 4070 736 4112 se
750 4053 847 4129 gladio
861 4053 948 4112 ferire
960 4052 1065 4127 possit.

264 4155 303 4226 tl)
319 4154 396 4212 Vide
409 4153 546 4224 Dronke,
561 4156 592 4228 pi
608 4138 652 4211 dl.
804 4158 812 4176 ⁰
1066 4142 1073 4174 ³
