3094 4970
674 458 835 520 ..44-

249 611 284 672 et
302 599 361 669 illa
381 616 566 691 poenarum
584 594 755 686 indagine
772 593 946 681 inclusus,
966 592 1171 664 calamitoso
1190 592 1265 664 otio

249 722 417 810 tabescit,
442 731 477 791 et
497 718 661 812 quamvis
681 717 768 788 nulli
786 717 959 811 supplicio
983 716 1168 787 submittat
1187 715 1266 786 ani·

249 869 368 936 mum,
394 844 515 918 evadit
530 843 566 912 in
584 841 723 934 agendo
740 841 922 912 hominum
952 862 1022 912 non
1048 841 1139 912 adeo
1165 839 1268 910 dissi·

249 972 360 1061 milis,
382 972 454 1041 imo
473 967 617 1039 homine
637 966 795 1037 inferior.
810 965 885 1035 Stat
904 965 996 1036 enim
1012 986 1161 1059 corpore
1176 965 1268 1035 infra

249 1096 345 1167 vires
364 1094 539 1164 humanas
559 1090 784 1182 vinculisque
804 1089 878 1159 suis
895 1089 998 1181 quasi
1017 1089 1110 1159 intra
1128 1087 1269 1160 divina·

250 1219 357 1290 tionis
369 1216 458 1288 fines
470 1225 666 1287 coercetur.
685 1214 777 1306 Ergo
792 1214 837 1284 ad
850 1212 944 1284 illam
957 1223 1050 1285 totus
1063 1213 1267 1300 revertitur,

251 1353 358 1435 atque
375 1341 493 1412 animo
507 1340 685 1434 praeterita
708 1337 813 1408 simul
832 1338 1019 1430 futuraque
1033 1338 1270 1431 complectens

251 1466 507 1555 conferensque
518 1461 773 1556 praesentibus,
797 1460 935 1531 illorum
950 1462 1078 1532 seriem
1094 1454 1130 1531 et
1147 1482 1269 1532 secum

253 1601 288 1660 et
306 1609 424 1660 coram
445 1587 569 1658 amicis
586 1586 699 1655 amice
718 1585 884 1677 explicat.
906 1583 1021 1668 Quum
1042 1606 1136 1657 murs
1152 1585 1271 1657 termi-

253 1735 320 1784 nus
340 1712 422 1782 mali
441 1708 540 1805 (tot)
557 1710 589 1780 ei
607 1709 820 1801 denegetur,
839 1709 925 1800 quid
941 1708 1038 1783 aliud
1057 1710 1273 1802 relinquitur

254 1858 359 1931 quam
387 1837 495 1906 vitam
528 1854 669 1906 omnem
696 1833 732 1902 in
758 1841 829 1902 orte
851 1845 1036 1904 consumat
1053 1854 1115 1902 suc
1143 1831 1274 1929 (8l8)‘?

253 1961 360 2052 Cujus
381 1960 466 2031 olim
486 1959 617 2031 sontem
638 1979 679 2028 ac
699 1968 873 2052 praeoepta
892 1979 912 2027 a
932 1969 1043 2028 matre
1063 1959 1217 2053 accepit,
1239 1969 1276 2030 et

255 2086 301 2158 ab
325 2107 366 2156 ea
389 2105 520 2156 nomen
546 2084 667 2171 duxit3
689 2103 783 2152 nnnc
809 2082 868 2152 illa
893 2082 1069 2175 aequalis
1092 2083 1129 2153 in
1152 2083 1276 2155 tabula

257 2211 490 2297 describitur,
507 2208 763 2295 conformavit3
783 2207 843 2277 illa
862 2208 972 2279 vincit
987 2209 1157 2282 victorem
1169 2231 1276 2285 suum

256 2336 316 2406 hic
336 2343 432 2406 certe
457 2334 518 2403 lati
545 2333 727 2425 ignarum5
757 2331 816 2403 illa
845 2333 983 2405 mortali
1007 2355 1113 2427 quam
1140 2336 1278 2431 Jupiter

230 2460 434 2556 perdidit,
472 2480 606 2531 morem
641 2459 753 2551 gerit3
790 2457 848 2529 illa
879 2459 1032 2553 denique
1062 2462 1278 2557 supplicium

259 2586 422 2656 ultimum
441 2606 544 2655 suum
561 2585 777 2655 consolatur.
800 2583 912 2668 Quem
933 2586 1041 2678 igitur
1064 2587 1100 2657 in
1121 2587 1279 2658 maxima

261 2720 360 2805 parte
380 2709 564 2801 tragoediae
584 2709 834 2780 vaticinantem
857 2710 1040 2799 audimus,
1060 2733 1165 2806 quem
1183 2734 1277 2784 sem·

262 2833 512 2928 pervidemus
540 2843 611 2903 tota
643 2842 760 2903 mente
786 2833 892 2904 rebus
922 2835 1094 2907 intentum
1127 2837 1276 2926 suturis,

263 2970 381 3029 vatem
401 2957 527 3028 merito
545 2955 704 3027 dicemus
723 2956 781 3027 vel
802 2960 919 3050 potius
940 2970 1059 3030 vatum
1070 3014 1081 3049 ,
1101 2983 1191 3054 quos
1208 2972 1280 3032 tra-

265 3083 334 3186 gici
344 3083 518 3153 induxere
537 3082 751 3171 maximum,
769 3083 803 3152 in
826 3084 1059 3176 pulcherrima
1081 3097 1280 3159 exstantem

266 3206 451 3300 tragoedia.

315 3331 406 3423 Ergo
430 3331 522 3401 inter
546 3352 669 3402 omnes
694 3331 862 3402 convenit
881 3355 1061 3426 nunquam
1080 3337 1194 3429 majus
1217 3357 1283 3407 au·

268 3456 447 3527 clientibus
476 3456 632 3528 adluisse
659 3457 899 3550 spectaculum
933 3457 1029 3530 fatali
1056 3461 1117 3530 illa
1142 3461 1281 3549 tabula,

270 3581 373 3674 plena
384 3580 573 3668 libertatis,
587 3581 816 3674 confertaque
829 3583 1116 3655 tumultuantium
1134 3584 1286 3657 deorum

271 3705 377 3775 minis
393 3706 656 3793 acconstantia3
672 3705 802 3776 nullam
820 3707 1043 3779 audaciorem
1054 3730 1160 3802 quam
1179 3709 1284 3782 istius

272 3829 431 3923 pristinae
463 3830 577 3901 aetatis
606 3831 811 3901 memoriam
839 3843 875 3903 et
902 3833 1164 3923 tractationem3
1197 3834 1288 3905 nihil

271 3955 400 4043 justius
416 3953 577 4026 homines
589 3957 757 4043 movisse,
770 3978 971 4049 quenquam
984 3970 1082 4032 tanto
1094 3961 1289 4032 certamine

276 4081 441 4152 mortales
463 4081 608 4168 absunt,
629 4103 670 4152 ac
687 4083 749 4152 vix
771 4083 895 4176 aliqua
909 4084 1086 4156 interdum
1107 4085 1145 4156 fit
1162 4105 1287 4158 eorum
