3056 4976
631 416 791 482 -37-
881 474 883 477 .

201 561 310 634 refert
322 558 417 629 unde
429 577 470 629 ea
485 555 568 628 oiim
585 533 819 639 manaverint,
840 574 949 646 quum
965 574 986 624 a
1002 552 1212 628 Prometheo

200 707 266 758 ooo
290 706 385 756 nuno
410 681 580 777 explicari
603 680 762 775 possint?
780 678 858 751 Non
883 679 978 751 enim
1002 700 1023 750 a
1045 679 1214 752 Themide

203 813 266 885 sed
286 832 306 882 a
327 807 536 882 Prometheo
555 808 591 877 in
616 804 775 900 periculo
798 804 896 877 Iovis
912 805 1009 876 salus
1027 818 1213 899 exspecta-

122 976 134 993 ·
199 942 300 1013 'bitur
317 937 425 1035 (913,
443 931 571 1008 τοιῶνδε
592 938 713 1032 μόχθων
734 938 883 1030 ἐκτροπὴν
906 928 1034 1015 οὐδεὶς
1056 937 1145 1005 θεῶν
1165 930 1216 1004 δυ’.

205 1073 285 1136 ναιτ’
307 1061 342 1132 ’ὰν
366 1069 450 1151 αὐτῷ
474 1064 579 1135 πλὴν
603 1062 699 1156 ἐμοῦ
720 1054 820 1138 δεῖξαι
845 1056 975 1153 σαφῶς).
997 1056 1118 1130 Artem
1136 1082 1216 1154 pro·

207 1197 298 1268 teoto
318 1192 412 1264 ittam
434 1200 621 1285 postquam
639 1188 726 1260 alias
745 1188 845 1259 auxit
863 1196 967 1282 poeta
985 1197 1021 1259 et
1039 1189 1217 1261 veriorem

209 1317 365 1406 induxit,
376 1337 447 1387 non
468 1314 584 1386 alieno
602 1313 698 1385 fonte
717 1312 859 1383 ductam
875 1333 1016 1385 umnam
1036 1310 1216 1406 fingendo,

203 1443 421 1515 imminuere
440 1437 576 1512 debuit.
597 1436 795 1508 Putandum
811 1445 866 1507 est
887 1435 995 1528 igitur
1010 1436 1220 1510 Promethea

200 1566 376 1664 quamvis
403 1563 580 1637 interdum
606 1561 728 1633 matris
750 1561 885 1634 auxilio
903 1583 945 1633 ao
968 1560 1039 1634 fide
1061 1564 1221 1656 adjutum

213 1691 359 1788 propria
377 1700 454 1761 arte
470 1688 588 1759 futura
604 1686 777 1760 diuinare.

262 1815 470 1909 Quanquam
494 1823 531 1885 et
554 1814 637 1884 ortis
658 1812 804 1905 periculo
829 1811 945 1905 ipsum
964 1813 1132 1887 artificem
1153 1836 1223 1888 non

218 1942 356 2013 fallunt.
375 1936 467 2024 Quid
485 1938 588 2009 dulce
600 1937 646 2008 sit
662 1936 699 2008 in
711 1936 886 2030 sperando
900 1956 973 2011 non
986 1939 1125 2032 ignorat
1145 1941 1224 2034 qui·

217 2069 312 2153 dem,
330 2076 366 2138 ot
384 2087 495 2158 quum
511 2062 620 2136 ohoro
639 2062 836 2134 consentiat
858 2088 866 2132 :
890 2060 975 2154 536,
993 2059 1052 2142 tte
1070 2095 1103 2135 τι
1117 2070 1225 2162 θαρσα-

215 2181 300 2273 itae
316 2194 370 2261 τὸν
391 2192 503 2285 μακρὸν
524 2188 632 2258 τείνειν
653 2189 720 2275 βίον
740 2188 861 2274 ἐλπίσι,
882 2196 990 2281 φαναῖς
1007 2190 1099 2285 θυμὸν
1116 2186 1226 2261 ἀλδαί-

202 2332 325 2387 νουσαν
339 2320 367 2384 ἐν
379 2315 567 2409 supponerent
583 2349 649 2401 -‚
668 2310 706 2381 id
724 2321 842 2382 tamen
857 2332 928 2383 non
945 2311 1029 2383 item
1043 2314 1225 2385 coneedit:

204 2440 310 2528 -698,
336 2449 404 2520 τοῖς
420 2439 542 2508 νοσοῦσί
560 2465 612 2507 τοι
636 2440 733 2533 γλυκὺ
750 2438 788 2506 τὸ
811 2440 920 2506 λοιπὸν
940 2436 1035 2534 ἄλγος
1051 2436 1228 2536 repudientu-

209 2554 331 2634 -πασθαι
347 2572 453 2659 τορῶς.
478 2560 556 2633 Non
575 2559 703 2653 reliqui
719 2580 843 2630 cursus
862 2559 1135 2655 descriptionem
1154 2564 1229 2637 loni

215 2688 354 2761 invidet
367 2685 483 2780 (627),
498 2686 562 2758 sed
576 2684 809 2779 raldepotius
820 2684 926 2756 ducat
939 2707 978 2758 se
993 2708 1064 2758 non
1081 2687 1229 2762 interro·

208 2814 397 2908 *gartenm
413 2820 606 2886 aestuosum
625 2809 712 2882 iilud
725 2809 946 2883 miseriarum
958 2833 1055 2885 mare
1068 2812 1231 2906 ignorare

209 2935 319 3035 (624,
339 2941 378 3009 τὸ
395 2942 436 3033 μὴ
458 2941 563 3034 μαθεῖν
583 2964 631 3006 σοι
644 2945 781 3032 κρεῖσσον
798 2936 817 3013 ἢ
840 2939 944 3033 μαθεῖν
964 2934 1066 3031 τάδε).
1087 2938 1159 3010 Scit
1173 2939 1234 3011 ille

217 3065 350 3158 optime
368 3084 514 3134 neeesse
533 3083 611 3133 esse
634 3063 799 3133 mortales
819 3082 940 3133 errore
964 3062 1055 3133 felini
1075 3063 1232 3135 illudan-

217 3199 288 3273 tur,
310 3210 375 3260 neo
393 3188 461 3258 nisi
481 3208 544 3281 per
563 3186 750 3279 caliginem
773 3186 920 3258 videant
939 3198 1001 3259 aut
1019 3209 1065 3259 ne
1086 3188 1235 3262 videant

219 3313 364 3408 quidem
390 3323 561 3384 eventura
587 3308 667 3406 (t);
694 3310 745 3381 sio
770 3310 849 3384 illos
874 3311 1025 3408 melius,
1057 3313 1233 3407 quidquid

211 3436 376 3507 ‘futurum
393 3436 452 3526 sit,
470 3436 558 3530 pati.
576 3434 648 3506 Neo
667 3434 703 3504 in
721 3444 772 3507 tut
789 3435 889 3507 malis
909 3436 1166 3530 percensendis
1183 3459 1236 3509 se

220 3582 300 3631 oum
321 3560 483 3631 dissentit
507 3559 569 3653 qui
597 3580 709 3652 genus
742 3558 936 3632 humanum
961 3561 1123 3655 impediit
1147 3561 1235 3654 quin

221 3700 372 3758 mortem
391 3684 595 3780 provideret
610 3682 734 3778 (248);
750 3695 786 3757 et
799 3707 863 3780 spe
878 3686 938 3757 illa
954 3685 1047 3759 bona
1068 3695 1103 3758 et
1123 3686 1236 3758 divite

261 3971 299 4041 (i)
319 3968 362 4029 Of.
377 3972 487 4041 ripam„
502 3967 554 4027 251
574 3990 580 4023 ε
596 3973 626 4023 τὸ
639 3972 770 4040 apaten
784 3970 892 4034 δ’ἡλνσιν
906 3974 1065 4041 προχαιρέτω
1075 3989 1081 4003 ·
1093 3972 1149 4024 tour
1161 3971 1188 4023 δὲ
1200 3974 1240 4035 τῷ

220 4070 380 4134 προστένειν.
