3094 4970
649 507 689 524 ..
708 476 808 538 57--

217 614 416 686 sccundum
425 611 1234 706 estprolerrcnturrcrumimagines‚sedetiam

220 750 372 811 cncede
391 738 459 831 leue
477 748 582 808 utun
599 736 746 808 devium
769 760 849 830 opus
877 718 916 809 ut
934 740 992 810 vel
1015 739 1051 809 in
1078 739 1238 813 iambicis

221 878 611 936 numerumuersunm
625 882 886 956 pausarumque
905 864 1020 935 locum
1049 865 1235 960 praescrip·

220 998 297 1061 tum
309 998 420 1059 entee
433 1008 477 1059 ac
494 987 707 1058 destinatum
725 1008 804 1059 esse
822 1010 891 1060 non
907 1003 1055 1074 temere,
1073 991 1179 1063 modo
1196 991 1234 1063 id

220 1114 259 1184 in
275 1123 385 1186 totum
395 1112 596 1204 intelligas,
618 1112 810 1184 defendere
825 1134 933 1184 susus
947 1115 994 1185 sit
1008 1115 1236 1188 doctissimus

219 1238 485 1330 gentisnostrae
505 1236 673 1328 magister
685 1289 696 1324 ‚
710 1292 712 1297 ,
725 1236 771 1307 de
790 1236 846 1308 his
866 1238 972 1309 rebus
997 1238 1092 1308 idem
1112 1249 1238 1311 auctor

219 1363 518 1457 locupletissimus
533 1359 603 1457 (l).
620 1361 712 1433 Cave
727 1384 773 1433 ne
785 1372 887 1457 putes
899 1362 957 1434 his
972 1365 1132 1456 angustis
1151 1365 1236 1437 obs·

220 1489 362 1560 trintum
381 1488 533 1560 vinculis
551 1488 705 1583 AEscbyli
727 1489 908 1581 ingenium
927 1499 989 1560 cut
1004 1490 1159 1580 jacuisse
1174 1500 1237 1561 cut

218 1615 421 1702 relrixisso3
443 1636 623 1707 nunquam
642 1615 829 1686 sublimius
849 1615 980 1686 elatum
991 1637 1136 1707 cernes,
1155 1638 1235 1689 nus·

219 1761 324 1833 quem
340 1741 388 1810 ita
401 1739 523 1826 caluit,
539 1739 636 1832 quod
653 1740 731 1833 ipso
746 1739 915 1810 orationis
930 1761 1061 1832 genere
1074 1741 1237 1814 demons-

218 1874 343 1935 tratur.
360 1865 445 1935 Rem
461 1865 647 1935 obscurem
662 1863 868 1935 obscuriora
880 1864 1006 1950 uerba,
1020 1867 1236 1940 eminentem

219 1989 340 2084 plenas
349 1998 594 2082 erumpentem
605 1989 765 2059 ardentia
781 1998 817 2059 et
831 1990 1231 2083 aestuantindesignant3

218 2132 375 2207 pressus*
392 2115 543 2210 primum
557 2152 571 2202 5
585 2164 588 2171 ι
601 2114 682 2184 dein
722 2113 912 2207 copiosus,
949 2113 1008 2185 bic
1035 2113 1206 2187 miserens
1218 2170 1246 2205 ‚.

218 2240 290 2311 illic
315 2241 452 2311 minens
473 2240 593 2311 omnia
617 2249 719 2334 poeto
743 2261 836 2311 novo
859 2251 965 2333 atque
985 2241 1142 2334 undique
1163 2241 1230 2312 cir·

217 2366 378 2437 cumfuse
395 2365 586 2460 splendore
610 2365 789 2453 incendit,
812 2366 968 2438 etinre
987 2366 1054 2437 sibi
1076 2388 1146 2439 non
1166 2367 1232 2438 im-

216 2491 299 2586 pari
312 2489 634 2583 sequodnmruodo
652 2489 755 2561 vicit.

265 2614 472 2686 Cassandrus
504 2635 593 2685 vero
619 2613 730 2707 ipsius
757 2612 863 2683 indole
889 2613 938 2682 nil
970 2613 1166 2704 pulchrius.
1194 2614 1231 2686 Si

218 2739 304 2833 quid
318 2739 515 2832 indutique
530 2739 647 2809 tabula
666 2738 890 2809 incommode
907 2737 1110 2825 referretur,
1126 2749 1231 2833 poeta
1249 2749 1253 2762 '

219 2864 361 2936 sustulit
385 2864 580 2958 ipsumque·
597 2863 714 2954 Ajccis
740 2884 869 2935 nomen
894 2862 1023 2949 tacuit3
1049 2882 1091 2941 en
1110 2871 1232 2934 contre

219 2989 348 3080 adjecit
361 2989 564 3082 quibusvcl
577 2988 693 3082 potios
709 2988 767 3058 vel
780 2987 894 3078 [ortior
905 2986 1100 3057 videretur.
1115 2985 1231 3072 Quum

218 3117 613 3212 vatessslytemnaestrae
635 3115 889 3210 impudentiam
906 3115 1126 3206 detestatur,
1150 3117 1234 3210 quis

217 3255 389 3338 temperet
413 3244 499 3336 quin
528 3242 573 3313 ad
597 3242 689 3313 hanc
706 3241 871 3335 respiciat
893 3242 1128 3334 advertatque
1152 3242 1231 3314 ani·

219 3391 314 3438 mum
332 3389 437 3461 quem
457 3377 552 3439 custo
574 3368 766 3439 verborum.
782 3366 944 3436 libertate
962 3365 1116 3436 maxima
1134 3364 1231 3437 Atri-

218 3494 350 3564 darum·
374 3492 506 3586 flagitia
534 3501 767 3586 persequatur
785 3488 920 3586 (1193,
939 3487 1063 3578 llll,
1094 3486 1232 3586 ⁴258);

217 3638 294 3711 qun
303 3617 517 3689 uerecundia
535 3616 586 3690 de·
594 3615 768 3711 Apollinis
786 3635 907 3688 amore
922 3613 1136 3707 interrogata
1155 3634 1230 3686 res-

255 3845 290 3917 (l)
312 3845 403 3912 Weil,
420 3847 540 3902 Journal
554 3847 743 3916 contrutinet.
755 3847 845 3917 publ„
864 3845 943 3914 1860,
954 3865 983 3920 p.
1001 3846 1052 3904 186
1066 3853 1096 3904 et
1109 3864 1135 3906 s.
1147 3846 1236 3906 Com·

218 3942 345 4015 position
365 3945 557 4016 symetrique,
580 3949 635 3999 ete.
657 3942 700 3997 De
717 3959 749 4000 re
770 3961 803 4000 sc
821 3945 894 4000 loeis
913 3945 1022 4017 quibus
1042 3946 1163 4017 quaestio
1185 3945 1233 4002 illo

217 4044 338 4096 tractate
352 4046 412 4114 est,
426 4036 492 4097 vide
506 4038 740 4097 dissertationem
754 4040 940 4111 Hirzelii'llto
953 4043 1099 4113 sorores
1113 4046 1145 4098 iu
1158 4052 1236 4100 com·

215 4140 349 4211 poemate
360 4141 493 4196 diculus
506 4144 583 4206 orte,
601 4139 693 4213 Lips,
711 4141 800 4209 tuost
814 4141 970 4214 precipue,
987 4159 1016 4214 p.
1034 4141 1049 4197 3
1064 4149 1094 4198 et
1108 4143 1175 4210 lt..⁴
