3056 4976
758 478 897 539 ..2-

286 702 291 708 ,
320 618 500 709 religioni,
522 616 577 686 cui
590 615 690 685 velut
703 615 802 708 stirpi
818 615 976 686 haerebat
998 617 1182 709 tragoedia,
1196 619 1325 689 sarvie

320 749 405 819 bant
420 758 534 842 poetae
547 767 656 838 quum
674 745 808 817 divinae
825 745 1018 818 voluntatis
1029 747 1238 842 interpretes
1260 767 1331 819 non

320 874 543 960 omitterent,
563 882 598 942 et
618 872 653 940 in
675 870 812 942 theatro
832 872 927 964 quod
947 871 1129 942 assiduum
1148 871 1329 942 homiuum

321 998 541 1091 deorumque
569 999 820 1069 commercium
854 986 1149 1090 repraesentabat,
1183 997 1330 1068 heroum

321 1121 457 1192 cohorti
477 1121 671 1210 adjicerent
690 1121 900 1214 praeclarum
921 1122 1020 1191 illum
1039 1124 1115 1214 ejus
1137 1122 1172 1191 in
1192 1120 1331 1212 agendo

323 1267 505 1316 suasorem
518 1256 553 1316 et
564 1259 758 1334 auctorem,
769 1256 831 1315 τῶν
844 1247 980 1341 μάντεων
994 1245 1211 1318 comitatum.
1226 1246 1333 1315 Vates

323 1371 372 1440 ibi
399 1393 469 1441 non
492 1380 657 1463 tanquam
684 1366 842 1464 hospites
872 1373 1165 1465 peregrinantur,
1189 1369 1253 1440 sed
1272 1389 1335 1461 aut

324 1495 466 1593 domum
489 1496 649 1566 habitant
668 1518 767 1567 suam
788 1506 848 1567 aut
872 1507 1038 1589 tanquam
1063 1491 1333 1568 contubernales

324 1618 488 1690 alienam.
510 1620 632 1712 Neque
651 1621 696 1691 de
717 1621 946 1692 mendacibus
966 1622 1035 1692 illis
1052 1620 1197 1691 hariolis
1217 1618 1334 1711 loqui·

324 1765 422 1832 mur,
455 1745 512 1835 qui
533 1747 587 1814 sui
608 1755 755 1835 quaestus
776 1768 877 1815 causa
902 1747 997 1837 fictos
1025 1749 1185 1815 suscitant
1211 1752 1334 1812 scateo·

324 1874 387 1938 tios
409 1866 485 1964 (l);
513 1891 632 1941 eorum
661 1871 805 1963 quidem
831 1870 1122 1964 relinquebantur
1145 1867 1334 1960 praestigiae

324 1992 422 2063 velut
440 1994 560 2085 praeda
585 1995 702 2065 dehita
729 1996 940 2067 sannionum
969 1995 1145 2065 dicacitati
1173 2003 1234 2063 aut
1263 1992 1333 2062 fes·

250 2106 253 2111 ⁴
325 2116 409 2188 tivae
429 2118 640 2189 comicorum
664 2120 835 2190 audaciae.
859 2120 897 2189 ln
921 2120 1094 2211 tragoedia
1116 2138 1203 2190 uero
1223 2136 1335 2209 quan-

326 2262 430 2333 quam
450 2242 646 2313 maledictis
663 2253 763 2314 vates
785 2266 854 2315 non
878 2244 986 2315 semel
1007 2243 1163 2336 figuntur
1184 2252 1219 2313 et
1239 2261 1337 2310 men·

327 2366 433 2437 daces
469 2368 639 2460 ararique
673 2368 850 2459 dicuntur,
892 2392 930 2440 re
968 2391 1140 2463 nusquam
1174 2368 1336 2439 fallentes

328 2491 482 2584 falsique
509 2493 567 2563 vel
592 2495 738 2565 minima
765 2517 803 2565 re
830 2497 1080 2583 inveniuntur3
1114 2506 1245 2565 tantam
1280 2513 1339 2562 ars

327 2617 405 2705 illa,
419 2620 477 2689 vel
488 2642 558 2711 quo
575 2631 732 2713 tempore
753 2623 931 2691 infamiam
953 2623 989 2692 in
1005 2622 1078 2691 vita
1099 2642 1169 2691 non
1187 2619 1335 2710 ellugie·

327 2744 401 2831 bat,
424 2746 459 2814 in
480 2767 595 2816 scaena
616 2749 825 2838 gravitatem
846 2749 1002 2819 retinuit.
1323 2840 1326 2843 Ι

376 2870 473 2940 Illius
490 2882 606 2942 autem
628 2895 709 2965 quae
729 2875 834 2944 luerit
847 2887 923 2945 onte
935 2878 1073 2967 tropicos
1089 2861 1340 2964 lortuna,'quis

330 2994 434 3064 etiam
453 2996 563 3083 color,
585 3009 722 3089 quaeret
750 3000 867 3071 forsan
895 2999 1047 3093 aliquis,
1074 3021 1139 3068 nec
1166 2995 1338 3082 materia,

331 3141 531 3212 quanquam
552 3121 610 3192 hic
626 3122 741 3194 aliena
762 3125 954 3213 videbitur,
971 3125 1088 3197 studio
1105 3134 1158 3194 est
1177 3122 1337 3214 indigna,

332 3264 397 3313 nec
415 3243 576 3336 plurimis
593 3247 729 3339 paginis
750 3271 819 3320 non
835 3248 1005 3339 sufficiat3
1026 3250 1081 3319 sin
1100 3259 1218 3319 autem
1238 3247 1284 3317 de
1296 3246 1340 3315 iis

330 3379 455 3459 agetur
470 3381 604 3441 tantum
624 3374 764 3445 vatibus
782 3375 842 3467 qui
863 3376 898 3444 in
918 3374 1090 3469 poematis
1107 3372 1338 3458 inducuntur,

332 3493 481 3582 quaestio
498 3494 588 3565 intra
608 3497 745 3589 epicum
760 3518 871 3589 genus
890 3498 1123 3583 coercebitur,
1142 3498 1242 3586 quus
1260 3515 1342 3587 pars

334 3618 487 3688 maxima
515 3620 667 3695 Homero
696 3635 845 3718 excepto
869 3624 1103 3695 desideratur.
1130 3623 1174 3694 lo
1194 3624 1342 3692 Homero

334 3763 442 3831 vero,
468 3757 508 3814 ut
532 3744 627 3817 hunc
652 3770 760 3818 unum
780 3749 953 3843 excipiam
978 3771 998 3819 e
1021 3770 1093 3842 quo
1120 3747 1219 3818 velut
1242 3746 1341 3837 largo

335 3887 376 3938 ac
395 3871 542 3961 perenni
563 3873 659 3945 sonte
683 3874 832 3947 delinxit
862 3875 977 3947 omnis
998 3874 1199 3945 Graecorum
1225 3871 1343 3964 poesis

375 4129 409 4200 (l)
424 4127 536 4187 Ennius
551 4149 597 4203 ap.
612 4130 757 4203 Ciceron,
774 4134 811 4189 Dc
824 4134 892 4199 dio,
909 4133 933 4205 I,
948 4135 992 4199 40,
1008 4134 1051 4190 88.
