<?xml version="1.0" encoding="UTF-8"?>
<!DOCTYPE html PUBLIC "-//W3C//DTD XHTML 1.0 Transitional//EN"
    "http://www.w3.org/TR/xhtml1/DTD/xhtml1-transitional.dtd">
<html xmlns="http://www.w3.org/1999/xhtml" xml:lang="en" lang="en">
 <head>
  <title>
</title>
<meta http-equiv="Content-Type" content="text/html;charset=utf-8" />
  <meta name='ocr-system' content='tesseract 3.04.00' />
  <meta name='ocr-capabilities' content='ocr_page ocr_carea ocr_par ocr_line ocrx_word'/>
</head>
<body>
  <div class='ocr_page' id='page_1' title='image "./devaticinatione00lillgoog_0037.png"; bbox 0 0 3056 4976; ppageno 0'>
   <div class='ocr_carea' id='block_1_1' title="bbox 599 417 874 484">
    <p class='ocr_par' dir='ltr' id='par_1_1' title="bbox 599 417 874 484">
     <span class='ocr_line' id='line_1_1' title="bbox 599 417 874 484; baseline -0.022 0"><span class='ocrx_word' id='word_1_1' title='bbox 599 481 601 484; x_wconf 77' lang='grc'>,</span> <span class='ocrx_word' id='word_1_2' title='bbox 713 417 874 478; x_wconf 82' lang='grc'><strong>-16-</strong></span> 
     </span>
    </p>
   </div>
   <div class='ocr_carea' id='block_1_2' title="bbox 287 553 1400 4158">
    <p class='ocr_par' dir='ltr' id='par_1_2' title="bbox 287 553 1310 2901">
     <span class='ocr_line' id='line_1_2' title="bbox 288 553 1299 648; baseline 0.003 -24"><span class='ocrx_word' id='word_1_3' title='bbox 288 576 357 648; x_wconf 91' lang='lat' dir='ltr'>que</span> <span class='ocrx_word' id='word_1_4' title='bbox 380 554 636 627; x_wconf 82' lang='lat' dir='ltr'><strong>moderatorem</strong></span> <span class='ocrx_word' id='word_1_5' title='bbox 659 575 701 626; x_wconf 85' lang='lat' dir='ltr'>ac</span> <span class='ocrx_word' id='word_1_6' title='bbox 725 553 925 640; x_wconf 91' lang='lat' dir='ltr'>dominum,</span> <span class='ocrx_word' id='word_1_7' title='bbox 949 556 992 622; x_wconf 86' lang='lat' dir='ltr'>ab</span> <span class='ocrx_word' id='word_1_8' title='bbox 1010 561 1097 624; x_wconf 79' lang='lat' dir='ltr'>omni</span> <span class='ocrx_word' id='word_1_9' title='bbox 1126 556 1198 626; x_wconf 84' lang='lat' dir='ltr'>tabe</span> <span class='ocrx_word' id='word_1_10' title='bbox 1222 555 1299 627; x_wconf 85' lang='lat' dir='ltr'>sive</span> 
     </span>
     <span class='ocr_line' id='line_1_3' title="bbox 288 679 1300 772; baseline 0.003 -24"><span class='ocrx_word' id='word_1_11' title='bbox 288 679 396 750; x_wconf 87' lang='lat' dir='ltr'>animi</span> <span class='ocrx_word' id='word_1_12' title='bbox 413 702 477 753; x_wconf 91' lang='lat' dir='ltr'>seu</span> <span class='ocrx_word' id='word_1_13' title='bbox 491 680 576 753; x_wconf 86' lang='lat' dir='ltr'>vitae</span> <span class='ocrx_word' id='word_1_14' title='bbox 591 688 761 751; x_wconf 77' lang='lat' dir='ltr'>anteactae</span> <span class='ocrx_word' id='word_1_15' title='bbox 778 680 951 772; x_wconf 69' lang='lat' dir='ltr'>intepretari,</span> <span class='ocrx_word' id='word_1_16' title='bbox 974 680 1089 750; x_wconf 91' lang='lat' dir='ltr'>solnm</span> <span class='ocrx_word' id='word_1_17' title='bbox 1110 680 1300 751; x_wconf 72' lang='lat' dir='ltr'>sanctitate</span> 
     </span>
     <span class='ocr_line' id='line_1_4' title="bbox 291 805 1302 899; baseline -0.003 -23"><span class='ocrx_word' id='word_1_18' title='bbox 291 817 327 876; x_wconf 89' lang='lat' dir='ltr'>et</span> <span class='ocrx_word' id='word_1_19' title='bbox 341 806 477 898; x_wconf 87' lang='lat' dir='ltr'>justitia</span> <span class='ocrx_word' id='word_1_20' title='bbox 497 816 675 893; x_wconf 88' lang='lat' dir='ltr'>ornatum,</span> <span class='ocrx_word' id='word_1_21' title='bbox 698 825 815 898; x_wconf 90' lang='lat' dir='ltr'>neque</span> <span class='ocrx_word' id='word_1_22' title='bbox 832 816 949 876; x_wconf 90' lang='lat' dir='ltr'>ortum</span> <span class='ocrx_word' id='word_1_23' title='bbox 969 805 1015 874; x_wconf 89' lang='lat' dir='ltr'>ab</span> <span class='ocrx_word' id='word_1_24' title='bbox 1034 805 1119 899; x_wconf 82' lang='lat' dir='ltr'>alio,</span> <span class='ocrx_word' id='word_1_25' title='bbox 1133 805 1197 875; x_wconf 89' lang='lat' dir='ltr'>sed</span> <span class='ocrx_word' id='word_1_26' title='bbox 1214 815 1302 874; x_wconf 76' lang='lat' dir='ltr'>mter-</span> 
     </span>
     <span class='ocr_line' id='line_1_5' title="bbox 289 928 1304 1020; baseline -0.002 -20"><span class='ocrx_word' id='word_1_27' title='bbox 289 954 382 1019; x_wconf 80' lang='lat' dir='ltr'>ccm,</span> <span class='ocrx_word' id='word_1_28' title='bbox 399 945 516 1003; x_wconf 87' lang='lat' dir='ltr'>cetera</span> <span class='ocrx_word' id='word_1_29' title='bbox 541 931 776 1002; x_wconf 85' lang='lat' dir='ltr'>sustinentem</span> <span class='ocrx_word' id='word_1_30' title='bbox 794 929 927 1016; x_wconf 92' lang='lat' dir='ltr'>omnia,</span> <span class='ocrx_word' id='word_1_31' title='bbox 944 952 977 999; x_wconf 85' lang='lat' dir='ltr'>se</span> <span class='ocrx_word' id='word_1_32' title='bbox 995 952 1063 998; x_wconf 83' lang='lat' dir='ltr'>cco</span> <span class='ocrx_word' id='word_1_33' title='bbox 1081 933 1214 1020; x_wconf 76' lang='lat' dir='ltr'>fretum.</span> <span class='ocrx_word' id='word_1_34' title='bbox 1234 928 1304 999; x_wconf 88' lang='lat' dir='ltr'>Ad·</span> 
     </span>
     <span class='ocr_line' id='line_1_6' title="bbox 292 1053 1303 1126; baseline -0.001 -1"><span class='ocrx_word' id='word_1_35' title='bbox 292 1056 462 1126; x_wconf 87' lang='lat' dir='ltr'>mirabilis</span> <span class='ocrx_word' id='word_1_36' title='bbox 481 1056 620 1126; x_wconf 88' lang='lat' dir='ltr'>sanein</span> <span class='ocrx_word' id='word_1_37' title='bbox 641 1053 783 1125; x_wconf 90' lang='lat' dir='ltr'>ethnico</span> <span class='ocrx_word' id='word_1_38' title='bbox 804 1065 948 1125; x_wconf 90' lang='lat' dir='ltr'>auctore</span> <span class='ocrx_word' id='word_1_39' title='bbox 973 1055 1167 1124; x_wconf 85' lang='lat' dir='ltr'>sententiat</span> <span class='ocrx_word' id='word_1_40' title='bbox 1188 1053 1303 1124; x_wconf 83' lang='lat' dir='ltr'>Grave</span> 
     </span>
     <span class='ocr_line' id='line_1_7' title="bbox 291 1179 1300 1273; baseline -0.003 -22"><span class='ocrx_word' id='word_1_41' title='bbox 291 1189 345 1251; x_wconf 91' lang='lat' dir='ltr'>est</span> <span class='ocrx_word' id='word_1_42' title='bbox 355 1203 463 1273; x_wconf 92' lang='lat' dir='ltr'>quum</span> <span class='ocrx_word' id='word_1_43' title='bbox 477 1181 523 1251; x_wconf 89' lang='lat' dir='ltr'>ad</span> <span class='ocrx_word' id='word_1_44' title='bbox 538 1180 574 1250; x_wconf 92' lang='lat' dir='ltr'>id</span> <span class='ocrx_word' id='word_1_45' title='bbox 590 1179 902 1251; x_wconf 89' lang='lat' dir='ltr'>demonstrandum</span> <span class='ocrx_word' id='word_1_46' title='bbox 918 1179 1083 1270; x_wconf 76' lang='lat' dir='ltr'>locosque</span> <span class='ocrx_word' id='word_1_47' title='bbox 1102 1179 1300 1250; x_wconf 86' lang='lat' dir='ltr'>laudandos</span> 
     </span>
     <span class='ocr_line' id='line_1_8' title="bbox 292 1304 1307 1396; baseline 0 -23"><span class='ocrx_word' id='word_1_48' title='bbox 292 1317 435 1375; x_wconf 89' lang='lat' dir='ltr'>ventum</span> <span class='ocrx_word' id='word_1_49' title='bbox 473 1306 538 1394; x_wconf 85' lang='lat' dir='ltr'>sit,</span> <span class='ocrx_word' id='word_1_50' title='bbox 565 1305 684 1376; x_wconf 87' lang='lat' dir='ltr'>allerri</span> <span class='ocrx_word' id='word_1_51' title='bbox 711 1313 848 1375; x_wconf 91' lang='lat' dir='ltr'>tantum</span> <span class='ocrx_word' id='word_1_52' title='bbox 873 1313 1072 1375; x_wconf 90' lang='lat' dir='ltr'>truncatum</span> <span class='ocrx_word' id='word_1_53' title='bbox 1098 1304 1242 1396; x_wconf 87' lang='lat' dir='ltr'>quidem</span> <span class='ocrx_word' id='word_1_54' title='bbox 1271 1313 1307 1374; x_wconf 91' lang='lat' dir='ltr'>et</span> 
     </span>
     <span class='ocr_line' id='line_1_9' title="bbox 293 1426 1307 1525; baseline -0.001 -27"><span class='ocrx_word' id='word_1_55' title='bbox 293 1426 1307 1525; x_wconf 66' lang='lat' dir='ltr'>maleattributumspuriumuefragmentum(345);inin·</span> 
     </span>
     <span class='ocr_line' id='line_1_10' title="bbox 295 1554 1307 1648; baseline -0.001 -24"><span class='ocrx_word' id='word_1_56' title='bbox 295 1555 401 1646; x_wconf 79' lang='lat' dir='ltr'>tegris</span> <span class='ocrx_word' id='word_1_57' title='bbox 418 1567 535 1627; x_wconf 89' lang='lat' dir='ltr'>autem</span> <span class='ocrx_word' id='word_1_58' title='bbox 554 1554 695 1644; x_wconf 88' lang='lat' dir='ltr'>fabulis,</span> <span class='ocrx_word' id='word_1_59' title='bbox 715 1555 810 1626; x_wconf 90' lang='lat' dir='ltr'>locos</span> <span class='ocrx_word' id='word_1_60' title='bbox 822 1555 911 1626; x_wconf 92' lang='lat' dir='ltr'>duos</span> <span class='ocrx_word' id='word_1_61' title='bbox 920 1555 1049 1648; x_wconf 91' lang='lat' dir='ltr'>quibus</span> <span class='ocrx_word' id='word_1_62' title='bbox 1059 1556 1236 1648; x_wconf 89' lang='lat' dir='ltr'>perlectus</span> <span class='ocrx_word' id='word_1_63' title='bbox 1246 1554 1307 1623; x_wconf 91' lang='lat' dir='ltr'>ille</span> 
     </span>
     <span class='ocr_line' id='line_1_11' title="bbox 292 1678 1309 1774; baseline -0.002 -26"><span class='ocrx_word' id='word_1_64' title='bbox 292 1679 427 1773; x_wconf 89' lang='lat' dir='ltr'>Jupiter</span> <span class='ocrx_word' id='word_1_65' title='bbox 441 1681 573 1752; x_wconf 79' lang='lat' dir='ltr'>ibidem</span> <span class='ocrx_word' id='word_1_66' title='bbox 590 1680 693 1774; x_wconf 91' lang='lat' dir='ltr'>plane</span> <span class='ocrx_word' id='word_1_67' title='bbox 708 1690 743 1751; x_wconf 93' lang='lat' dir='ltr'>et</span> <span class='ocrx_word' id='word_1_68' title='bbox 757 1680 897 1750; x_wconf 86' lang='lat' dir='ltr'>Saturni</span> <span class='ocrx_word' id='word_1_69' title='bbox 913 1678 1193 1773; x_wconf 85' lang='lat' dir='ltr'>filiusetEpapbi</span> <span class='ocrx_word' id='word_1_70' title='bbox 1209 1687 1309 1772; x_wconf 90' lang='lat' dir='ltr'>pater</span> 
     </span>
     <span class='ocr_line' id='line_1_12' title="bbox 294 1799 1305 1899; baseline -0.003 -26"><span class='ocrx_word' id='word_1_71' title='bbox 294 1804 495 1875; x_wconf 91' lang='lat' dir='ltr'>nominatur</span> <span class='ocrx_word' id='word_1_72' title='bbox 505 1803 660 1899; x_wconf 74' lang='lat' dir='ltr'>(Apum,</span> <span class='ocrx_word' id='word_1_73' title='bbox 685 1804 771 1893; x_wconf 82' lang='lat' dir='ltr'>l603</span> <span class='ocrx_word' id='word_1_74' title='bbox 791 1805 835 1874; x_wconf 85' lang='lat' dir='ltr'>cl.</span> <span class='ocrx_word' id='word_1_75' title='bbox 857 1804 925 1873; x_wconf 82' lang='lat' dir='ltr'>l67</span> <span class='ocrx_word' id='word_1_76' title='bbox 943 1816 978 1875; x_wconf 88' lang='lat' dir='ltr'>et</span> <span class='ocrx_word' id='word_1_77' title='bbox 997 1827 1043 1892; x_wconf 89' lang='lat' dir='ltr'>s.;</span> <span class='ocrx_word' id='word_1_78' title='bbox 1066 1807 1187 1897; x_wconf 85' lang='lat' dir='ltr'>Supp.‚</span> <span class='ocrx_word' id='word_1_79' title='bbox 1209 1799 1305 1892; x_wconf 70' lang='lat'>5243</span> 
     </span>
     <span class='ocr_line' id='line_1_13' title="bbox 294 1927 1308 2026; baseline -0.005 -26"><span class='ocrx_word' id='word_1_80' title='bbox 294 1930 340 2000; x_wconf 90' lang='lat' dir='ltr'>cf.</span> <span class='ocrx_word' id='word_1_81' title='bbox 369 1928 474 2026; x_wconf 79' lang='lat'>535);</span> <span class='ocrx_word' id='word_1_82' title='bbox 497 1930 650 2023; x_wconf 91' lang='lat' dir='ltr'>denique</span> <span class='ocrx_word' id='word_1_83' title='bbox 664 1930 875 2001; x_wconf 90' lang='lat' dir='ltr'>contrariam</span> <span class='ocrx_word' id='word_1_84' title='bbox 896 1930 1041 2002; x_wconf 92' lang='lat' dir='ltr'>omnino</span> <span class='ocrx_word' id='word_1_85' title='bbox 1060 1951 1138 2000; x_wconf 88' lang='lat' dir='ltr'>esse</span> <span class='ocrx_word' id='word_1_86' title='bbox 1153 1928 1237 1998; x_wconf 89' lang='lat' dir='ltr'>huic</span> <span class='ocrx_word' id='word_1_87' title='bbox 1256 1927 1308 1996; x_wconf 92' lang='lat' dir='ltr'>in·</span> 
     </span>
     <span class='ocr_line' id='line_1_14' title="bbox 295 2053 1310 2149; baseline -0.003 -25"><span class='ocrx_word' id='word_1_88' title='bbox 295 2055 537 2149; x_wconf 89' lang='lat' dir='ltr'>terpretationi</span> <span class='ocrx_word' id='word_1_89' title='bbox 563 2055 761 2126; x_wconf 86' lang='lat' dir='ltr'>Promethei</span> <span class='ocrx_word' id='word_1_90' title='bbox 786 2054 895 2125; x_wconf 84' lang='lat' dir='ltr'>vincti</span> <span class='ocrx_word' id='word_1_91' title='bbox 927 2054 1022 2124; x_wconf 91' lang='lat' dir='ltr'>illam</span> <span class='ocrx_word' id='word_1_92' title='bbox 1053 2053 1230 2139; x_wconf 87' lang='lat' dir='ltr'>fabulam,</span> <span class='ocrx_word' id='word_1_93' title='bbox 1258 2061 1310 2123; x_wconf 89' lang='lat' dir='ltr'>tot</span> 
     </span>
     <span class='ocr_line' id='line_1_15' title="bbox 294 2170 1309 2273; baseline -0.001 -26"><span class='ocrx_word' id='word_1_94' title='bbox 294 2179 463 2251; x_wconf 90' lang='lat' dir='ltr'>librorum</span> <span class='ocrx_word' id='word_1_95' title='bbox 479 2190 729 2273; x_wconf 89' lang='lat' dir='ltr'>tantorumque</span> <span class='ocrx_word' id='word_1_96' title='bbox 739 2170 837 2250; x_wconf 72' lang='lat' dir='ltr'>vinter</span> <span class='ocrx_word' id='word_1_97' title='bbox 851 2180 973 2250; x_wconf 86' lang='lat' dir='ltr'>doctos</span> <span class='ocrx_word' id='word_1_98' title='bbox 983 2178 1214 2250; x_wconf 81' lang='lat' dir='ltr'>certaminum</span> <span class='ocrx_word' id='word_1_99' title='bbox 1224 2199 1309 2248; x_wconf 88' lang='lat' dir='ltr'>cau·</span> 
     </span>
     <span class='ocr_line' id='line_1_16' title="bbox 295 2308 1310 2403; baseline -0.005 -23"><span class='ocrx_word' id='word_1_100' title='bbox 295 2330 370 2380; x_wconf 89' lang='lat' dir='ltr'>sam</span> <span class='ocrx_word' id='word_1_101' title='bbox 381 2363 392 2398; x_wconf 83' lang='lat'>‚</span> <span class='ocrx_word' id='word_1_102' title='bbox 414 2310 451 2379; x_wconf 95' lang='lat' dir='ltr'>in</span> <span class='ocrx_word' id='word_1_103' title='bbox 474 2331 563 2402; x_wconf 91' lang='lat' dir='ltr'>qua,</span> <span class='ocrx_word' id='word_1_104' title='bbox 584 2309 838 2403; x_wconf 89' lang='lat' dir='ltr'>quodcumque</span> <span class='ocrx_word' id='word_1_105' title='bbox 858 2309 893 2377; x_wconf 90' lang='lat' dir='ltr'>in</span> <span class='ocrx_word' id='word_1_106' title='bbox 913 2308 1145 2400; x_wconf 89' lang='lat' dir='ltr'>sequentibus</span> <span class='ocrx_word' id='word_1_107' title='bbox 1165 2308 1310 2403; x_wconf 87' lang='lat' dir='ltr'>adjunc-</span> 
     </span>
     <span class='ocr_line' id='line_1_17' title="bbox 291 2430 1307 2522; baseline -0.002 -19"><span class='ocrx_word' id='word_1_108' title='bbox 291 2440 370 2503; x_wconf 82' lang='lat' dir='ltr'>tum</span> <span class='ocrx_word' id='word_1_109' title='bbox 390 2434 456 2522; x_wconf 83' lang='lat' dir='ltr'>sit,</span> <span class='ocrx_word' id='word_1_110' title='bbox 480 2444 689 2505; x_wconf 90' lang='lat' dir='ltr'>tamennon</span> <span class='ocrx_word' id='word_1_111' title='bbox 712 2430 817 2505; x_wconf 90' lang='lat' dir='ltr'>modo</span> <span class='ocrx_word' id='word_1_112' title='bbox 837 2443 958 2504; x_wconf 89' lang='lat' dir='ltr'>natum</span> <span class='ocrx_word' id='word_1_113' title='bbox 986 2434 1092 2505; x_wconf 91' lang='lat' dir='ltr'>deum</span> <span class='ocrx_word' id='word_1_114' title='bbox 1118 2432 1307 2522; x_wconf 91' lang='lat' dir='ltr'>habemus,</span> 
     </span>
     <span class='ocr_line' id='line_1_18' title="bbox 297 2531 1305 2654; baseline -0.003 -26"><span class='ocrx_word' id='word_1_115' title='bbox 297 2557 360 2628; x_wconf 91' lang='lat' dir='ltr'>sed</span> <span class='ocrx_word' id='word_1_116' title='bbox 380 2531 490 2649; x_wconf 76' lang='lat' dir='ltr'>regno</span> <span class='ocrx_word' id='word_1_117' title='bbox 507 2569 545 2629; x_wconf 92' lang='lat' dir='ltr'>ut</span> <span class='ocrx_word' id='word_1_118' title='bbox 563 2559 690 2653; x_wconf 80' lang='lat' dir='ltr'>Cyrum</span> <span class='ocrx_word' id='word_1_119' title='bbox 706 2560 860 2653; x_wconf 88' lang='lat' dir='ltr'>aliquem</span> <span class='ocrx_word' id='word_1_120' title='bbox 877 2559 981 2654; x_wconf 89' lang='lat' dir='ltr'>paulo</span> <span class='ocrx_word' id='word_1_121' title='bbox 1000 2569 1082 2628; x_wconf 91' lang='lat' dir='ltr'>ante</span> <span class='ocrx_word' id='word_1_122' title='bbox 1101 2559 1250 2651; x_wconf 89' lang='lat' dir='ltr'>potitum</span> <span class='ocrx_word' id='word_1_123' title='bbox 1269 2565 1305 2627; x_wconf 91' lang='lat' dir='ltr'>et</span> 
     </span>
     <span class='ocr_line' id='line_1_19' title="bbox 298 2660 1304 2777; baseline -0.001 -23"><span class='ocrx_word' id='word_1_124' title='bbox 298 2704 318 2754; x_wconf 92' lang='lat' dir='ltr'>a</span> <span class='ocrx_word' id='word_1_125' title='bbox 336 2706 453 2777; x_wconf 79' lang='lat' dir='ltr'>pugna</span> <span class='ocrx_word' id='word_1_126' title='bbox 471 2660 661 2775; x_wconf 86' lang='lat' dir='ltr'>recentem,</span> <span class='ocrx_word' id='word_1_127' title='bbox 676 2686 711 2754; x_wconf 89' lang='lat' dir='ltr'>in</span> <span class='ocrx_word' id='word_1_128' title='bbox 728 2685 862 2773; x_wconf 92' lang='lat' dir='ltr'>hostes,</span> <span class='ocrx_word' id='word_1_129' title='bbox 878 2687 949 2757; x_wconf 89' lang='lat' dir='ltr'>imo</span> <span class='ocrx_word' id='word_1_130' title='bbox 965 2686 1001 2755; x_wconf 91' lang='lat' dir='ltr'>in</span> <span class='ocrx_word' id='word_1_131' title='bbox 1018 2695 1158 2756; x_wconf 89' lang='lat' dir='ltr'>veteres</span> <span class='ocrx_word' id='word_1_132' title='bbox 1173 2684 1304 2754; x_wconf 89' lang='lat' dir='ltr'>amicos</span> 
     </span>
     <span class='ocr_line' id='line_1_20' title="bbox 287 2809 1080 2901; baseline 0.004 -25"><span class='ocrx_word' id='word_1_133' title='bbox 287 2809 396 2900; x_wconf 79' lang='lat' dir='ltr'>regio</span> <span class='ocrx_word' id='word_1_134' title='bbox 417 2830 513 2881; x_wconf 91' lang='lat' dir='ltr'>more</span> <span class='ocrx_word' id='word_1_135' title='bbox 533 2809 563 2879; x_wconf 91' lang='lat' dir='ltr'>si</span> <span class='ocrx_word' id='word_1_136' title='bbox 581 2810 666 2901; x_wconf 88' lang='lat' dir='ltr'>quid</span> <span class='ocrx_word' id='word_1_137' title='bbox 684 2811 841 2881; x_wconf 89' lang='lat' dir='ltr'>abnuant</span> <span class='ocrx_word' id='word_1_138' title='bbox 860 2811 1080 2882; x_wconf 85' lang='lat' dir='ltr'>saeuientem.</span> 
     </span>
    </p>

    <p class='ocr_par' dir='ltr' id='par_1_3' title="bbox 298 2933 1400 4158">
     <span class='ocr_line' id='line_1_21' title="bbox 345 2933 1307 3031; baseline -0.003 -28"><span class='ocrx_word' id='word_1_139' title='bbox 345 2933 415 3004; x_wconf 91' lang='lat' dir='ltr'>Sed</span> <span class='ocrx_word' id='word_1_140' title='bbox 439 2935 483 3004; x_wconf 89' lang='lat' dir='ltr'>ad</span> <span class='ocrx_word' id='word_1_141' title='bbox 510 2934 738 3006; x_wconf 77' lang='lat' dir='ltr'>divinationem</span> <span class='ocrx_word' id='word_1_142' title='bbox 766 2935 878 3031; x_wconf 91' lang='lat' dir='ltr'>ipsam</span> <span class='ocrx_word' id='word_1_143' title='bbox 896 2936 1095 3007; x_wconf 88' lang='lat' dir='ltr'>veniamus.</span> <span class='ocrx_word' id='word_1_144' title='bbox 1116 2934 1195 3004; x_wconf 91' lang='lat' dir='ltr'>Fuit</span> <span class='ocrx_word' id='word_1_145' title='bbox 1214 2934 1247 3004; x_wconf 91' lang='lat' dir='ltr'>ei</span> <span class='ocrx_word' id='word_1_146' title='bbox 1268 2933 1307 3001; x_wconf 93' lang='lat' dir='ltr'>in</span> 
     </span>
     <span class='ocr_line' id='line_1_22' title="bbox 298 3057 1304 3154; baseline 0 -27"><span class='ocrx_word' id='word_1_147' title='bbox 298 3058 493 3151; x_wconf 80' lang='lat' dir='ltr'>AEschyleis</span> <span class='ocrx_word' id='word_1_148' title='bbox 521 3080 606 3130; x_wconf 91' lang='lat' dir='ltr'>sane</span> <span class='ocrx_word' id='word_1_149' title='bbox 633 3060 760 3131; x_wconf 86' lang='lat' dir='ltr'>fabulis</span> <span class='ocrx_word' id='word_1_150' title='bbox 790 3082 897 3154; x_wconf 90' lang='lat' dir='ltr'>qnam</span> <span class='ocrx_word' id='word_1_151' title='bbox 933 3061 968 3130; x_wconf 90' lang='lat' dir='ltr'>in</span> <span class='ocrx_word' id='word_1_152' title='bbox 998 3061 1070 3132; x_wconf 91' lang='lat' dir='ltr'>ullo</span> <span class='ocrx_word' id='word_1_153' title='bbox 1098 3057 1304 3131; x_wconf 88' lang='lat' dir='ltr'>recentioris</span> 
     </span>
     <span class='ocr_line' id='line_1_23' title="bbox 298 3182 1307 3277; baseline 0 -26"><span class='ocrx_word' id='word_1_154' title='bbox 298 3183 411 3252; x_wconf 89' lang='lat' dir='ltr'>aetatis</span> <span class='ocrx_word' id='word_1_155' title='bbox 431 3183 587 3253; x_wconf 88' lang='lat' dir='ltr'>carmine</span> <span class='ocrx_word' id='word_1_156' title='bbox 605 3182 702 3255; x_wconf 90' lang='lat' dir='ltr'>locus</span> <span class='ocrx_word' id='word_1_157' title='bbox 724 3185 850 3276; x_wconf 91' lang='lat' dir='ltr'>aptior.</span> <span class='ocrx_word' id='word_1_158' title='bbox 873 3183 940 3254; x_wconf 91' lang='lat' dir='ltr'>Ubi</span> <span class='ocrx_word' id='word_1_159' title='bbox 961 3183 998 3254; x_wconf 93' lang='lat' dir='ltr'>di</span> <span class='ocrx_word' id='word_1_160' title='bbox 1018 3205 1141 3256; x_wconf 92' lang='lat' dir='ltr'>omnes</span> <span class='ocrx_word' id='word_1_161' title='bbox 1160 3183 1307 3277; x_wconf 88' lang='lat' dir='ltr'>Jupiter·</span> 
     </span>
     <span class='ocr_line' id='line_1_24' title="bbox 298 3284 1303 3405; baseline 0.001 -25"><span class='ocrx_word' id='word_1_162' title='bbox 298 3332 368 3402; x_wconf 89' lang='lat' dir='ltr'>que</span> <span class='ocrx_word' id='word_1_163' title='bbox 387 3311 463 3404; x_wconf 90' lang='lat' dir='ltr'>ipse</span> <span class='ocrx_word' id='word_1_164' title='bbox 489 3322 655 3404; x_wconf 89' lang='lat' dir='ltr'>tanquam</span> <span class='ocrx_word' id='word_1_165' title='bbox 681 3313 717 3382; x_wconf 93' lang='lat' dir='ltr'>in</span> <span class='ocrx_word' id='word_1_166' title='bbox 746 3284 928 3384; x_wconf 89' lang='lat' dir='ltr'>domicilio</span> <span class='ocrx_word' id='word_1_167' title='bbox 947 3313 1099 3405; x_wconf 82' lang='lat' dir='ltr'>agebant</span> <span class='ocrx_word' id='word_1_168' title='bbox 1125 3323 1160 3382; x_wconf 86' lang='lat' dir='ltr'>et</span> <span class='ocrx_word' id='word_1_169' title='bbox 1185 3332 1303 3381; x_wconf 91' lang='lat' dir='ltr'>coram</span> 
     </span>
     <span class='ocr_line' id='line_1_25' title="bbox 298 3436 1306 3530; baseline -0.001 -24"><span class='ocrx_word' id='word_1_170' title='bbox 298 3457 393 3530; x_wconf 89' lang='lat' dir='ltr'>saepe</span> <span class='ocrx_word' id='word_1_171' title='bbox 418 3436 672 3530; x_wconf 88' lang='lat' dir='ltr'>loquebantur,</span> <span class='ocrx_word' id='word_1_172' title='bbox 697 3458 841 3508; x_wconf 89' lang='lat' dir='ltr'>necesse</span> <span class='ocrx_word' id='word_1_173' title='bbox 873 3437 938 3506; x_wconf 88' lang='lat' dir='ltr'>luit</span> <span class='ocrx_word' id='word_1_174' title='bbox 961 3436 1041 3528; x_wconf 73' lang='lat' dir='ltr'>fides</span> <span class='ocrx_word' id='word_1_175' title='bbox 1067 3447 1097 3506; x_wconf 86' lang='lat' dir='ltr'>et</span> <span class='ocrx_word' id='word_1_176' title='bbox 1129 3438 1306 3507; x_wconf 78' lang='lat' dir='ltr'>auctoritas</span> 
     </span>
     <span class='ocr_line' id='line_1_26' title="bbox 298 3562 1306 3656; baseline 0.001 -25"><span class='ocrx_word' id='word_1_177' title='bbox 298 3584 426 3632; x_wconf 79' lang='lat' dir='ltr'>summo</span> <span class='ocrx_word' id='word_1_178' title='bbox 436 3562 627 3633; x_wconf 92' lang='lat' dir='ltr'>haberetur</span> <span class='ocrx_word' id='word_1_179' title='bbox 637 3584 759 3635; x_wconf 92' lang='lat' dir='ltr'>eorum</span> <span class='ocrx_word' id='word_1_180' title='bbox 773 3572 808 3634; x_wconf 93' lang='lat' dir='ltr'>et</span> <span class='ocrx_word' id='word_1_181' title='bbox 821 3563 986 3650; x_wconf 87' lang='lat' dir='ltr'>oraculis,</span> <span class='ocrx_word' id='word_1_182' title='bbox 1004 3572 1040 3634; x_wconf 90' lang='lat' dir='ltr'>et</span> <span class='ocrx_word' id='word_1_183' title='bbox 1055 3562 1306 3656; x_wconf 88' lang='lat' dir='ltr'>interpretibus</span> 
     </span>
     <span class='ocr_line' id='line_1_27' title="bbox 298 3688 1307 3782; baseline 0 -26"><span class='ocrx_word' id='word_1_184' title='bbox 298 3708 449 3779; x_wconf 91' lang='lat' dir='ltr'>quorum</span> <span class='ocrx_word' id='word_1_185' title='bbox 469 3710 516 3760; x_wconf 82' lang='lat' dir='ltr'>ex</span> <span class='ocrx_word' id='word_1_186' title='bbox 534 3708 596 3760; x_wconf 93' lang='lat' dir='ltr'>ore</span> <span class='ocrx_word' id='word_1_187' title='bbox 614 3688 769 3782; x_wconf 92' lang='lat' dir='ltr'>pendent</span> <span class='ocrx_word' id='word_1_188' title='bbox 787 3709 910 3759; x_wconf 90' lang='lat' dir='ltr'>omnes</span> <span class='ocrx_word' id='word_1_189' title='bbox 933 3709 1043 3782; x_wconf 89' lang='lat' dir='ltr'>seque</span> <span class='ocrx_word' id='word_1_190' title='bbox 1068 3688 1228 3781; x_wconf 89' lang='lat' dir='ltr'>praebent</span> <span class='ocrx_word' id='word_1_191' title='bbox 1245 3708 1307 3757; x_wconf 88' lang='lat' dir='ltr'>au·</span> 
     </span>
     <span class='ocr_line' id='line_1_28' title="bbox 299 3810 1308 3908; baseline 0.002 -28"><span class='ocrx_word' id='word_1_192' title='bbox 299 3810 551 3883; x_wconf 88' lang='lat' dir='ltr'>dientissimos.</span> <span class='ocrx_word' id='word_1_193' title='bbox 573 3811 666 3883; x_wconf 92' lang='lat' dir='ltr'>Nulli</span> <span class='ocrx_word' id='word_1_194' title='bbox 696 3812 857 3908; x_wconf 80' lang='lat' dir='ltr'>prodigio</span> <span class='ocrx_word' id='word_1_195' title='bbox 876 3835 947 3885; x_wconf 92' lang='lat' dir='ltr'>non</span> <span class='ocrx_word' id='word_1_196' title='bbox 967 3814 1137 3886; x_wconf 88' lang='lat' dir='ltr'>creditur.</span> <span class='ocrx_word' id='word_1_197' title='bbox 1158 3812 1308 3906; x_wconf 91' lang='lat' dir='ltr'>Stupent</span> 
     </span>
     <span class='ocr_line' id='line_1_29' title="bbox 299 3917 1400 4037; baseline -0.001 -31"><span class='ocrx_word' id='word_1_198' title='bbox 299 3936 410 4027; x_wconf 81' lang='lat' dir='ltr'>magis</span> <span class='ocrx_word' id='word_1_199' title='bbox 435 3935 560 4029; x_wconf 80' lang='lat' dir='ltr'>Argivi</span> <span class='ocrx_word' id='word_1_200' title='bbox 589 3959 693 4037; x_wconf 88' lang='lat' dir='ltr'>senes</span> <span class='ocrx_word' id='word_1_201' title='bbox 729 3938 825 4033; x_wconf 92' lang='lat' dir='ltr'>quod</span> <span class='ocrx_word' id='word_1_202' title='bbox 853 3937 1048 4030; x_wconf 83' lang='lat' dir='ltr'>Cassandra</span> <span class='ocrx_word' id='word_1_203' title='bbox 1080 3938 1117 4007; x_wconf 91' lang='lat' dir='ltr'>in</span> <span class='ocrx_word' id='word_1_204' title='bbox 1154 3959 1193 4009; x_wconf 90' lang='lat' dir='ltr'>se</span> <span class='ocrx_word' id='word_1_205' title='bbox 1223 3936 1308 4006; x_wconf 87' lang='lat' dir='ltr'>surit</span> <span class='ocrx_word' id='word_1_206' title='bbox 1396 3917 1400 3925; x_wconf 57' lang='grc'><em>’</em></span> 
     </span>
     <span class='ocr_line' id='line_1_30' title="bbox 298 4057 1305 4158; baseline 0.002 -27"><span class='ocrx_word' id='word_1_207' title='bbox 298 4057 457 4155; x_wconf 73' lang='lat' dir='ltr'>(Apum,</span> <span class='ocrx_word' id='word_1_208' title='bbox 490 4062 599 4154; x_wconf 72' lang='lat'>1083)</span> <span class='ocrx_word' id='word_1_209' title='bbox 626 4085 732 4156; x_wconf 91' lang='lat' dir='ltr'>quam</span> <span class='ocrx_word' id='word_1_210' title='bbox 759 4064 855 4158; x_wconf 91' lang='lat' dir='ltr'>quod</span> <span class='ocrx_word' id='word_1_211' title='bbox 890 4065 1061 4136; x_wconf 86' lang='lat' dir='ltr'>diuinitus</span> <span class='ocrx_word' id='word_1_212' title='bbox 1093 4061 1209 4134; x_wconf 78' lang='lat' dir='ltr'>afflata</span> <span class='ocrx_word' id='word_1_213' title='bbox 1237 4072 1305 4134; x_wconf 87' lang='lat' dir='ltr'>est.</span> 
     </span>
    </p>
   </div>
   <div class='ocr_carea' id='block_1_3' title="bbox 0 0 1540 4976">
    <p class='ocr_par' dir='ltr' id='par_1_4' title="bbox 0 0 1540 4976">
     <span class='ocr_line' id='line_1_31' title="bbox 0 0 1540 4976; baseline 0 0"><span class='ocrx_word' id='word_1_214' title='bbox 0 0 1540 4976; x_wconf 95' lang='lat' dir='ltr'> </span> 
     </span>
    </p>
   </div>
   <div class='ocr_carea' id='block_1_4' title="bbox 1516 0 1538 4962">
    <p class='ocr_par' dir='ltr' id='par_1_5' title="bbox 1516 0 1538 4962">
     <span class='ocr_line' id='line_1_32' title="bbox 1516 0 1538 4962; baseline 0 0"><span class='ocrx_word' id='word_1_215' title='bbox 1516 0 1538 4962; x_wconf 95' lang='lat' dir='ltr'> </span> 
     </span>
    </p>
   </div>
  </div>
 </body>
</html>
