3056 4976
675 484 844 528 —vtt-

304 599 334 671 A
372 600 590 672 divinatione
620 621 690 673 nou
725 611 834 673 totam
875 602 1033 695 pendere
1064 606 1272 696 tragoediam

254 727 334 822 quis
361 729 490 818 negati
518 727 582 797 sed
608 748 666 796 ars
695 727 913 798 vaticinandi
943 751 1022 799 oum
1047 742 1122 801 arte
1142 733 1273 824 tragica

254 854 366 923 amice
384 855 558 944 conjurat.
579 852 614 922 Si
634 853 795 945 personis
813 853 905 942 aliis,
928 853 1185 946 Agamemnoni
1203 859 1271 929 sci-

254 976 336 1047 licet
354 978 537 1070 etOEdipc
550 1032 560 1066 ,
582 977 721 1049 Creonti
742 991 776 1048 et
802 977 990 1070 Antigonae
1013 980 1208 1055 Cassandra
1237 992 1273 1055 et

252 1099 404 1173 Tiresias
425 1103 556 1172 cedunt
578 1103 797 1189 verecunde,
820 1114 1027 1176 tamennon
1048 1108 1177 1198 ignave
1202 1117 1273 1178 ter-

254 1231 341 1298 tium
355 1229 617 1298 aotsecundum
631 1229 747 1299 iocum
765 1229 947 1316 obtinent;
967 1252 1033 1301 nec
1046 1233 1146 1325 parvi
1167 1233 1273 1304 refert

253 1353 359 1422 trium
398 1353 432 1421 in
472 1375 543 1422 una
581 1374 619 1423 re
654 1363 829 1446 poetarum
866 1354 1008 1424 indolem
1040 1357 1273 1450 propriosque

253 1477 374 1575 vultus
394 1478 616 1569 describere,
636 1500 676 1550 ac
698 1479 850 1550 maxime
874 1480 908 1549 in
931 1481 992 1552 illo
1016 1481 1162 1572 egregio
1186 1482 1272 1553 vitae

249 1613 358 1695 atque
375 1603 507 1694 ingenii
527 1600 799 1674 Atheniensium
815 1605 983 1698 speculo,
1004 1607 1176 1697 popularis
1194 1606 1270 1675 reti·

251 1730 356 1822 pionis
382 1731 528 1823 primam
560 1751 601 1799 ac
632 1730 863 1800 recentiorem
893 1730 1039 1800 formam
1075 1752 1270 1822 omnesque

252 1855 420 1947 deinceps
447 1854 713 1925 immutationes
734 1865 768 1924 et
788 1855 1053 1945 quodammodo
1077 1854 1193 1926 flexus
1218 1865 1269 1925 at-

252 1999 324 2071 que
356 1979 459 2049 orbes
486 1978 666 2071 persequi.
697 1977 788 2048 Nihil
818 1979 866 2046 iu'
884 1977 950 2049 hoc
975 1978 1106 2049 saeculo
1135 1979 1270 2069 majore

252 2102 435 2195 diligentia
455 2103 678 2196 exploratum
703 2113 756 2174 est
780 2124 886 2195 quam
907 2114 1066 2174 veterum
1088 2103 1213 2195 religio
1233 2119 1270 2179 et

252 2232 283 2302 si
302 2230 387 2321 quid
402 2231 433 2301 ei
445 2231 669 2320 conjunctum
692 2229 770 2298 suit.
793 2229 879 2312 Quae
898 2229 1167 2301 fastidiebantur
1182 2230 1266 2301 olim

253 2354 529 2446 ridebanturque
548 2354 659 2424 aniles
680 2353 824 2442 fabulae,
845 2376 938 2425 nunc
954 2375 1092 2424 summa
1108 2375 1193 2425 cura
1208 2375 1268 2426 ex·

252 2480 441 2573 quiruutur
466 2480 796 2571 excutiunturque‚
826 2480 959 2574 quippe
986 2481 1162 2572 equibus
1195 2481 1267 2573 pri-

254 2624 347 2674 mam
367 2625 407 2673 ac
426 2624 559 2674 meram
579 2604 733 2674 indolem
754 2604 869 2694 gentis
893 2605 985 2674 bene
1005 2605 1133 2675 oculati
1155 2604 1268 2674 homi-

255 2752 319 2801 nes
347 2730 514 2800 latentem
553 2740 691 2799 eruant.
728 2730 869 2800 Rectius
901 2752 941 2800 ac
971 2742 1065 2801 certe
1092 2752 1161 2802 non
1191 2731 1268 2801 siue

256 2856 411 2927 maximo
433 2856 546 2925 [ructu
571 2855 615 2925 de
640 2877 776 2925 summa
803 2878 920 2926 rerum
950 2856 1088 2926 illarum
1119 2855 1268 2927 iuterro-

252 2980 433 3072 gabuntur
450 2979 573 3072 optimi
593 2980 662 3050 viri
689 2980 750 3072 qui
779 2980 813 3049 iu
846 3002 1057 3073 unaquaque
1082 2991 1186 3051 aetate
1208 2990 1269 3051 aut

254 3107 290 3176 in
301 3107 438 3198 agendo
447 3119 507 3177 aut
522 3106 755 3198 incogitaudo
770 3106 878 3176 duces
891 3107 1040 3177 aliorum
1050 3108 1164 3194 fuere,
1179 3127 1268 3198 prae·

254 3232 357 3325 cipue
375 3252 483 3323 quum
507 3252 640 3321 genere
665 3232 743 3323 ipso
763 3230 857 3301 illius
876 3231 960 3301 artis
981 3253 1051 3301 nou
1069 3253 1168 3303 suam
1190 3240 1267 3300 tau-

254 3372 351 3450 tum,
382 3360 444 3430 sed
470 3381 693 3431 communem
720 3382 761 3430 ac
789 3360 1018 3453 plurimorum
1038 3369 1268 3452 certeaequa·

255 3485 340 3555 lium
374 3506 519 3556 snorum
549 3486 762 3555 senteutiam
791 3486 939 3579 professi
968 3495 1062 3556 sunt.
1088 3485 1267 3578 Nusquam

256 3611 350 3682 enim
369 3611 481 3704 magis
497 3632 603 3703 quam
621 3610 656 3680 iu
674 3611 810 3682 theatro
830 3610 995 3681 constitui
1014 3609 1137 3680 debuit
1155 3631 1267 3702 popu-

255 3735 327 3806 lum
348 3738 440 3807 inter
462 3747 498 3807 et
518 3735 669 3807 dicentis
689 3736 798 3805 verba
822 3734 923 3805 firma
943 3747 977 3805 et
995 3746 1160 3805 constans
1186 3756 1268 3804 cou-

254 3860 395 3949 cordia3
425 3872 532 3953 atque
560 3861 595 3930 iu
623 3861 681 3929 illa
699 3859 922 3953 potissimum
942 3871 1060 3951 geute,
1081 3879 1161 3952 quae
1179 3859 1265 3945 fuit,

256 4005 363 4080 quam
376 4007 505 4078 graeca,
518 3995 553 4057 et
569 3986 688 4056 animo
706 3994 807 4055 acuta
820 3994 855 4055 et
867 4006 993 4056 scaenae
1005 3983 1266 4074 amantissima;

256 4109 353 4182 uude
373 4110 513 4182 illorum
541 4110 670 4183 tabulae
689 4109 909 4204 singulorum
926 4121 1121 4204 temporum
1138 4109 1268 4179 immu-
