3094 4970
710 482 874 543 ..76-

334 626 395 699 Est
419 624 523 696 etiam
551 620 694 694 brevior
721 621 757 690 in
787 622 949 713 Antigono
974 617 1197 703 vaticinatio,
1230 634 1297 686 ex·

287 762 399 826 trema
417 750 550 823 scilieet
568 747 687 821 fabula
714 746 883 820 collocata
908 755 946 815 ut
973 755 1111 837 tempus
1130 743 1214 814 inde
1234 741 1298 813 de·

287 885 513 964 monstretur,
535 895 606 968 quo
631 873 772 945 lortnna
785 871 943 943 Creontis
963 888 1117 964 qnaeque
1134 887 1199 939 sua
1217 885 1301 938 esse

289 999 435 1075 conlidit
466 1001 541 1092 jum
579 1000 631 1068 tul
664 993 749 1094 ξυροῦ
775 998 874 1092 τύχης
905 1005 1115 1083 versantur,
1147 1007 1303 1083 moxque

291 1126 450 1200 funditus
468 1143 571 1196 verso
586 1135 690 1195 ruent
709 1121 841 1194 omnia.
861 1120 1038 1195 Nonnulla
1057 1118 1200 1213 quidem
1219 1134 1304 1210 quae

291 1271 405 1345 nuper
423 1249 458 1319 in
479 1248 612 1341 Olddt'po
629 1244 929 1334 desideravimus,
949 1244 1007 1316 hic
1024 1243 1225 1330 abundant3
1247 1238 1304 1312 di·

292 1374 484 1448 vinationis
500 1382 595 1446 certe
607 1393 739 1466 genera
754 1393 795 1443 eo
808 1392 893 1443 cora
910 1370 1160 1443 describuntur
1176 1377 1214 1438 ut
1229 1367 1305 1439 iere

293 1498 474 1593 signorum
495 1497 592 1568 nulle
611 1497 835 1569 omittantur.
853 1496 927 1571 lmo
942 1495 1086 1568 additur
1101 1489 1206 1590 (999)
1219 1502 1306 1563 tem·

294 1623 345 1720 pli
369 1622 592 1696 celeberrimi
621 1631 656 1693 et
682 1622 744 1694 illo
770 1631 928 1716 tempore
951 1621 1070 1694 adbuc
1098 1618 1223 1692 stantis
1248 1614 1308 1714 (l)

295 1747 441 1841 mentio,
461 1768 533 1842 quo
548 1767 660 1819 senex
679 1748 827 1840 auguria
841 1748 1019 1843 captabat.
1041 1786 1089 1802 ·-
1105 1744 1308 1839 Liquetau·

296 1880 366 1943 tem
385 1871 443 1943 vel
467 1892 635 1944 versuum
660 1872 828 1943 mediocri
855 1893 1005 1944 numero
1029 1869 1116 1967 (Cli)
1145 1867 1234 1939 ratis
1253 1865 1308 1937 io·

297 1996 414 2070 dotem
434 1980 498 2069 vix'
516 1997 641 2090 attingi
665 1996 835 2091 potuisse.
863 1996 1009 2093 Propria
1031 1997 1150 2093 potius
1170 2004 1225 2066 est
1247 1992 1310 2064 hu·

292 2124 353 2220 jus
366 2147 493 2199 scaenae
509 2136 545 2198 et
563 2127 601 2196 in
619 2135 691 2198 toto
704 2146 835 2219 genere
851 2135 887 2198 et
904 2127 939 2198 in
961 2125 1036 2222 ipsa
1048 2124 1309 2220 compositione

296 2252 485 2344 sinpliciter
502 2250 667 2342 precedam,
679 2251 966 2346 quaeantiquam‚
978 2260 1018 2322 nt
1027 2252 1167 2346 opinor,
1180 2258 1310 2340 tragoe·

300 2374 370 2445 diae
393 2375 540 2446 sormam
566 2383 682 2445 sonat.
714 2374 826 2446 Nemo
855 2396 925 2447 non
953 2375 1052 2448 videt
1076 2376 1164 2447 duas
1192 2382 1311 2468 partes

300 2518 397 2588 esse;
414 2497 651 2593 prioremque
669 2508 769 2572 vates
784 2499 969 2573 Creontem
988 2501 1102 2572 amice
1116 2508 1257 2571 moneat
1275 2504 1313 2569 et

301 2623 448 2720 periculi
468 2624 623 2696 remedia
640 2626 878 2718 demonstret3
893 2627 1040 2700 alteram
1057 2647 1126 2721 qua
1140 2625 1232 2697 male
1249 2643 1309 2696 ao·

301 2759 423 2843 ceptus
457 2749 564 2821 totius
599 2749 726 2821 domus
761 2751 899 2824 ruinam
933 2752 1103 2847 praedicat
1136 2772 1217 2845 quae
1235 2750 1310 2843 jam

303 2873 400 2945 nullo
420 2874 526 2945 modo
546 2873 649 2944 vitari
669 2884 796 2968 potest.
821 2876 885 2947 Hic
903 2898 973 2949 non
993 2877 1172 2949 audientis
1192 2875 1308 2968 regis,

302 2997 367 3070 sed
386 2996 477 3068 vatis
494 2997 698 3068 immutatur
715 3000 873 3091 animus,
896 3002 956 3095 qui
973 3023 1082 3096 quum
1104 2998 1312 3074 commodos

305 3122 397 3194 ultro
414 3122 552 3193 venerit
567 3118 673 3216 (l03i
693 3177 703 3211 ,
726 3123 757 3194 εὖ
777 3153 825 3195 σοι
844 3131 1003 3221 φρονήσας.
1030 3124 1082 3197 Cf.
1103 3126 1206 3197 Hom.
1233 3143 1313 3219 pas·
1401 3206 1405 3211 ·

304 3243 390 3332 sim,
418 3241 579 3340 εὐφρονῶν)
601 3253 635 3316 et
655 3257 757 3319 cante
779 3255 816 3318 et
833 3268 896 3319 ore
915 3249 1118 3320 remissiore
1141 3244 1315 3341 inceperit

304 3364 431 3465 (toto,
451 3370 523 3438 ἀλλ’
543 3365 604 3438 εἷκε
621 3379 667 3460 τῷ
685 3371 840 3466 θανόντι),
862 3391 905 3443 eo
930 3373 1044 3466 magis
1061 3372 1237 3443 calomnia
1258 3389 1313 3441 re·

305 3491 360 3586 gis
378 3492 532 3584 laeditur,
558 3502 594 3565 et
610 3493 861 3567 misericordiae
880 3517 1023 3591 expers,
1044 3496 1181 3590 aliquot
1199 3493 1315 3568 versi·
1410 3517 1415 3521 ·

305 3615 395 3686 culis
414 3616 524 3688 laetus
549 3617 629 3689 illos
648 3616 780 3710 dejicit.
808 3620 879 3691 Sed
902 3620 961 3692 hic
990 3621 1097 3692 etiam
1122 3620 1168 3691 ad
1193 3636 1316 3712 regem

308 3742 456 3834 eiusque
473 3742 633 3832 allectus,
653 3763 724 3815 nou
743 3743 789 3814 ad
805 3756 923 3818 vatem
939 3746 1180 3834 advertimus,
1199 3754 1235 3818 et
1253 3743 1318 3838 qni

347 4047 387 4120 (l)
407 4045 551 4117 Pansam,
565 4048 629 4119 1X;
644 4065 709 4118 xvv,
727 4052 753 4108 l.
770 4049 814 4108 Ol.
831 4051 948 4127 Eurip„
974 4054 1084 4124 Booclt„
1102 4053 1170 4119 347,
1188 4059 1217 4109 et
1240 4050 1322 4110 Pan-

314 4158 387 4210 sam,
404 4147 471 4215 Art,
488 4144 560 4215 XX,
575 4152 604 4203 et
618 4150 691 4215 dor,
708 4147 746 4206 11.
