3056 4976
727 525 887 586 ..22-

347 665 400 735 Ex
421 634 555 734 ¹nuntio
586 682 699 754 nuper
727 661 889 732 anditum
918 673 994 734 erat
1022 674 1153 755 quanta
1188 667 1313 741 luisset

298 789 438 876 clades,
458 797 545 881 quot
571 786 755 857 hominum
789 798 826 858 et
842 797 994 880 quanlae
1019 788 1198 880 inlamiae3
1226 814 1311 866 mox

300 914 359 985 ubi
380 935 445 985 rex
468 911 675 999 inducetur,
697 911 728 980 is
755 922 918 1006 erumpet
938 912 1040 986 dolor
1059 936 1165 1008 quem
1193 917 1312 990 nullus

297 1059 466 1134 superare
488 1037 612 1132 possit.
645 1036 775 1109 Medius
801 1047 899 1129 atquc
921 1050 1123 1131 opportunus
1147 1041 1199 1111 lric
1225 1042 1312 1114 locro

298 1166 381 1254 luit,
410 1186 481 1257 quo
508 1163 563 1235 vir
592 1183 700 1257 supra
729 1161 920 1233 humanam
949 1173 1110 1235 naturam
1140 1176 1309 1258 evectus,

296 1290 483 1383 caliginem
511 1309 628 1359 rerum
654 1286 821 1359 discutiat
846 1298 883 1358 et
911 1298 962 1360 tot
987 1288 1159 1360 malorum
1185 1311 1311 1362 causus

296 1414 507 1507 grandiore
540 1411 758 1506 pronuntiet.
790 1409 1097 1495 Quemadmodum
1127 1412 1310 1506 Neptunus

295 1539 355 1611 ille
369 1538 583 1632 virgilianus
598 1557 746 1629 magnos
758 1538 964 1631 interponti
982 1538 1154 1615 tumultus
1170 1559 1310 1610 summa

296 1665 471 1759 placidum
498 1674 603 1756 caput
627 1661 723 1732 unda
750 1662 853 1732 ellert
880 1660 1079 1756 fluctusque
1103 1663 1307 1757 componit,

294 1790 346 1867 sic
364 1812 430 1861 rex
446 1788 614 1881 antiquus
637 1786 667 1858 is
688 1786 754 1857 luit
772 1786 834 1880 qui
854 1786 986 1879 pietate
1005 1788 1210 1881 meritisque
1230 1809 1310 1881 gra·

295 1915 364 2006 vis,
380 1916 445 1986 sed
463 1934 532 1984 non
551 1912 641 1984 adeo
658 1912 815 2004 grauiter
830 1923 1044 2004 commotus,
1062 1914 1188 1986 melius
1203 1935 1310 2007 qnam

294 2040 442 2133 quilibet
458 2038 563 2127 aliua,
584 2047 812 2131 exasperatos
828 2036 926 2108 luctu
943 2039 1081 2112 animos
1100 2038 1309 2132 aliquandiu

293 2163 468 2261 placaret,
502 2161 661 2253 neglecta
689 2161 875 2249 edoceret,
904 2162 1063 2234 divinam
1089 2163 1307 2236 voluntatem

294 2289 597 2381 interpretaretur.
632 2325 679 2339 -
706 2286 781 2358 lmo
810 2287 870 2357 illa
904 2308 1020 2367 scaena
1054 2286 1093 2357 fit
1125 2288 1305 2382 quoddam

292 2411 442 2487 actionis
462 2434 589 2506 genus,
605 2433 686 2506 quae
704 2412 799 2483 nulla
815 2414 908 2485 soret
922 2415 1081 2507 prolecto
1099 2414 1129 2484 si
1147 2435 1169 2484 a
1185 2435 1306 2519 narra·

293 2538 388 2610 tione
407 2537 568 2632 protinus
593 2537 638 2608 ad
658 2536 758 2610 chori
774 2536 978 2631 Xerxisque
1004 2538 1184 2631 dialogum
1206 2539 1306 2613 velut

291 2685 312 2734 a
331 2663 531 2735 carceribus
554 2662 673 2733 statim
697 2662 743 2733 ad
769 2662 901 2733 calcem
925 2662 1044 2734 statim
1068 2662 1301 2736 deterremur»

289 2787 362 2859 Hac
390 2788 519 2860 luturae
545 2786 656 2858 cladis
680 2787 970 2880 pronuntiatione
997 2807 1154 2881 praesens
1179 2807 1305 2882 proro-

290 2924 417 3006 gatum
441 2912 669 3005 pristinorum
696 2911 921 2984 oraculorum
949 2913 1119 2985 memoris
1145 2912 1305 3006 pleniore

290 3037 408 3109 omnia
422 3036 501 3107 luce
515 3035 783 3126 circumfundit3
795 3058 838 3108 ea
848 3037 924 3131 ipsu
938 3058 1020 3131 quae
1033 3059 1147 3133 nuper
1163 3047 1305 3111 narrata

289 3171 385 3249 sunt,
408 3159 552 3253 quando
573 3180 594 3230 a
612 3160 758 3232 senibus
778 3171 988 3255 repetuntur
1007 3172 1042 3234 et
1060 3164 1221 3235 luctuosa
1236 3163 1301 3236 ite·

289 3295 411 3355 rantur
435 3285 604 3379 vestigia,
627 3285 729 3358 dolor
745 3286 853 3359 'altius
876 3288 1033 3359 animum
1054 3297 1232 3383 penetrat,
1253 3289 1302 3360 ita

289 3418 328 3480 ut
346 3408 477 3480 civium
503 3430 544 3481 uc
562 3410 656 3502 regis
675 3410 832 3503 querelis
851 3411 958 3506 paulo
983 3422 1061 3506 post
1085 3434 1156 3485 non
1174 3433 1301 3505 grave

289 3553 368 3602 mur
394 3532 571 3603 theatrum
594 3554 701 3605 omne
716 3533 873 3605 incendi.
899 3576 948 3589 -
967 3535 1163 3631 AEsohpleae
1177 3547 1300 3609 autem

288 3654 373 3727 artis
393 3657 458 3727 init
477 3656 654 3751 duplicem
677 3657 864 3730 victoriam
875 3711 887 3748 ‚
906 3679 987 3752 qnae
1007 3660 1108 3733 velut
1126 3660 1301 3734 recentior

287 3799 394 3872 qnam
434 3791 473 3850 ut
507 3801 625 3853 scaena
660 3781 768 3874 digna
803 3783 871 3871 sit,
898 3782 972 3876 J'am
1004 3783 1041 3855 in
1068 3784 1299 3880 longinquam

286 4064 361 4121 ldsst
378 4064 442 4120 sich
456 4064 525 4121 aber
539 4067 702 4124 asthetisch
721 4067 775 4124 auf
791 4067 876 4124 keine
892 4067 996 4125 Weiss
1015 4068 1220 4141 reohticrtigen
1238 4068 1299 4129 und

287 4164 326 4219 ist
339 4179 412 4236 ganz
427 4164 617 4224 autschicden
635 4166 790 4236 schwa0h3
805 4183 837 4225 u.
852 4166 881 4223 d.
897 4183 924 4222 a.
