3094 4970
740 465 899 529 ..pp-

316 631 396 682 nem
416 604 472 705 (l)
489 608 666 680 dracontio
686 606 721 676 in
738 616 840 678 antro
857 606 995 693 necari3
1016 604 1226 698 nequefulla
1246 627 1326 678 ora-

315 734 421 807 tionis
441 733 591 807 mollitie
607 734 701 803 levat
716 732 768 803 rei
787 729 1050 819 crudelitatem3
1064 731 1186 802 verbis
1200 739 1328 803 eontra

210 906 213 913 .
315 858 501 930 barbaram
528 869 564 928 et
589 867 730 928 aetatem
754 867 791 927 et
815 864 956 946 gentem
976 865 1079 925 sonat
1104 849 1215 949 (937,
1244 858 1329 949 χθὼν

314 977 418 1054 δ”ἆκτὶ
452 994 567 1079 καρποῦ
602 984 740 1077 καρπὸν,
774 983 844 1050 ἀντὶ
878 984 1040 1075 θάἶματος
1071 979 1136 1074 oip’
1169 981 1206 1058 ἢν
1243 976 1331 1077 trip

318 1110 482 1203 βρότειον).
503 1106 617 1178 Facile
642 1105 820 1178 credimus
839 1105 981 1176 Tiresiae
1005 1102 1110 1201 (955)
1133 1105 1215 1177 talia
1236 1105 1327 1176 vati-

316 1230 510 1303 cinantium
532 1243 642 1303 artem
675 1231 813 1324 plenam
838 1251 917 1301 esee
941 1230 1161 1326 acerbitatiea
1185 1270 1233 1284 ·-
1263 1228 1337 1300 Sin.

318 1355 445 1429 molius
470 1377 545 1429 rem
571 1367 678 1428 totam
701 1355 892 1450 perspicis,
923 1365 1039 1427 vatem
1066 1354 1242 1449 intelliges
1266 1375 1338 1449 ptr-⁴

317 1501 397 1551 rum
416 1481 559 1574 quidem
578 1501 650 1575 prae
665 1501 705 1551 se
724 1480 817 1550 lerre
836 1479 894 1550 vel
914 1479 1097 1572 dignitatis
1118 1480 1175 1551 vel
1197 1479 1342 1552 veritae·

319 1605 377 1696 tis,
398 1606 461 1677 sed
482 1605 667 1676 utilitatem
690 1620 814 1690 suam,
841 1625 922 1698 quae
945 1604 1021 1676 sola
1040 1606 1116 1696 ejus
1136 1602 1341 1675 inducendi¹

320 1750 425 1800 oauaa
443 1730 522 1816 luit,
539 1728 805 1822 quodammodo
822 1738 942 1824 aperte
955 1728 1067 1800 lateri.
1089 1727 1201 1800 Patria
1220 1727 1328 1800 allec·

320 1863 394 1924 tum
410 1854 595 1947 oportebat
613 1875 777 1941 movere,
798 1854 870 1925 imo
887 1854 1049 1925 alterare.
1069 1853 1161 1947 Ergo
1178 1874 1250 1926 non
1271 1850 1328 1923 hic

320 1978 470 2052 Tiresias
501 1981 634 2074 primas
663 1989 781 2073 partes
812 1980 885 2071 agit
919 1991 955 2051 et
986 1979 1177 2074 spectantis
1210 2000 1330 2053 curam

321 2116 456 2197 meret,
477 2106 542 2178 sed
564 2106 676 2178 Creon
692 2108 789 2177 onia
813 2105 869 2177 dis
887 2106 1090 2199 praeoipitur
1105 2106 1177 2177 nati
1196 2103 1331 2199 suppli-

234 2298 240 2309 .
321 2230 429 2304 oium.
451 2230 717 2304 Commentitius
740 2230 885 2324 quidem
897 2231 1047 2302 uidetur
1070 2231 1129 2302 ille
1153 2229 1340 2320 hariolus;›

320 2356 385 2429 sed
404 2367 504 2451 pater
519 2377 625 2449 quam
645 2357 772 2427 verusl
796 2366 834 2426 ut
852 2354 975 2428 dolore
996 2366 1032 2426 et
1052 2354 1280 2427 reluctatione
1296 2363 1343 2427 ot

321 2480 486 2574 precibus
504 2491 540 2552 et
562 2501 682 2552 errore
698 2480 833 2574 placetl
855 2479 980 2572 Liquet
999 2480 1081 2551 hinc
1099 2503 1161 2551 cur
1181 2476 1334 2552 Eteoclis

322 2605 402 2677 vioe
424 2604 533 2677 Creon
562 2605 608 2676 ad
641 2605 897 2677 consulendum
926 2605 1104 2697 fungatur-2
1121 2602 1243 2700 (769);
1269 2622 1334 2674 our

322 2729 523 2801 Menoeceus
534 2729 700 2801 Tiresiam
718 2730 943 2801 arcessiverit
963 2742 998 2800 et
1014 2730 1058 2801 ad
1072 2741 1206 2823 patrem
1219 2729 1341 2799 dure·

324 2854 382 2942 rit,
409 2855 505 2925 unde
528 2853 586 2924 illa
611 2853 822 2925 exclamatio
846 2863 1008 2948 erumpet
1028 2855 1133 2948 plena
1151 2854 1334 2924 allectum:

324 2979 410 3069 905,
431 2986 571 3049 ποῦ’στιν
589 2984 752 3059 Menoeceo(
770 2977 836 3075 (Cf.
857 2977 961 3073 Sim
981 2981 1032 3051 sic
1047 3000 1094 3051 ex
1114 2978 1338 3050 divinatione

323 3108 429 3179 ducta
444 3120 528 3178 sunt
542 3129 639 3180 arma
658 3120 799 3180 vetusta
814 3109 958 3201 quidem
978 3118 1014 3180 et
1027 3108 1096 3179 situ
1118 3108 1247 3202 turpia,
1264 3108 1349 3179 sed»

325 3234 455 3327 quibus
474 3234 781 3328 praeclarissimum
801 3246 979 3306 certamen
994 3234 1129 3305 institui
1147 3233 1272 3328 potuit.

375 3359 470 3430 ldem
485 3370 586 3453 vates·
599 3360 637 3429 in
648 3362 787 3431 Bacchis
804 3360 984 3432 inducitur
999 3360 1154 3454 primurn
1167 3360 1340 3431 credone

325 3483 476 3556 Gadmtu
499 3485 592 3556 adsit
608 3485 853 3576 incomitatus,
876 3485 1007 3558 deinde
1023 3507 1072 3557 ne
1087 3484 1335 3557 incautneim·
1371 3528 1378 3541 ·

326 3610 530 3704 prudensve
564 3610 609 3681 ad
647 3611 882 3702 sacrilegium⁴
900 3621 1126 3704 mortemque
1154 3608 1337 3681 Pentheos

328 3745 420 3808 ruat.
450 3735 576 3806 Mirum
606 3757 693 3808 vero
726 3747 896 3831 quantum
923 3758 945 3808 a
972 3735 1120 3831 pristina
1151 3734 1278 3807 indole:
1301 3744 1352 3806 etr-
1482 3730 1486 3741 '

368 4045 402 4113 (ll
425 4043 509 4112 Quod
523 4044 570 4101 ille
585 4062 661 4102 unus
675 4063 730 4104 neo
742 4046 896 4121 quisquam
911 4049 985 4105 alius
999 4049 1063 4121 lege
1075 4048 1253 4120 designatur,
1266 4046 1341 4103 sub-

330 4142 461 4204 tilitatem
476 4152 506 4201 et
519 4145 735 4221 interpretantis
747 4149 821 4204 vatis
831 4155 860 4204 et
866 4149 999 4221 jubentis
1008 4146 1056 4205 dei
1064 4147 1206 4205 admirare
1215 4145 1277 4213 (944
1287 4152 1339 4216 a.).
