3094 4970
673 476 833 539 ,31-

244 632 284 706 p.
309 608 392 701 tta,
418 633 454 683 n.
476 607 554 708 Βῆ).
571 611 734 706 Denique
753 610 872 683 muttis
894 611 1016 684 subest
1048 633 1144 683 mera
1161 632 1256 705 quae·

239 735 329 807 *dam
353 736 486 833 εἰρωνεία
511 733 570 831 (V.
595 736 787 826 Samnium,
805 735 993 830 Midea,
1015 759 1054 830 p.
1075 736 1111 825 9,
1138 733 1252 830 nota).

247 861 321 935 lmo
346 882 427 955 quae
456 862 552 956 ioqui
581 863 723 934 uidetur
751 860 951 956 Euripides,
979 861 1178 955 moisem
1218 870 1257 933 ut

248 984 362 1057 voluit
381 986 530 1080 legenda
546 997 642 1076 sunt,
664 987 798 1059 scilieet
813 1009 884 1059 non
901 997 1067 1080 tauquam
1088 986 1155 1058 ista
1167 1004 1255 1059 veru

233 1112 395 1205 judicet,
416 1115 479 1185 sed
499 1124 540 1186 ut
564 1114 672 1186 dubia
697 1123 734 1187 et
756 1114 888 1206 majone
905 1134 1011 1206 quam
1031 1112 1121 1185 solet
1148 1111 1254 1205 digna

247 1236 519 1311 existimatione.
539 1237 627 1323 Quae
650 1239 768 1310 omnia
792 1259 994 1333 quanquam
1014 1237 1107 1308 inter
1129 1258 1168 1307 se
1186 1236 1255 1307 im·-

247 1361 373 1457 piioata
387 1374 483 1455 suut,
495 1385 632 1436 summa
647 1364 831 1459 diiigentia
841 1363 1154 1457 suntsegnegauda
1167 1372 1203 1435 et
1217 1363 1254 1433 in

245 1497 341 1558 certa
355 1509 485 1580 genera
499 1488 696 1561 referenda.
714 1529 760 1542 -
774 1487 935 1560 Ceterum
950 1510 995 1559 ue
1009 1485 1252 1558 difficultatem

246 1611 365 1683 uerbis
391 1634 598 1705 augeamus,
625 1613 790 1706 quaedam
817 1612 994 1683 interdum
1022 1634 1085 1706 per
1103 1632 1143 1682 sc
1168 1609 1254 1683 satie

245 1735 450 1830 loquuntur.
466 1736 554 1822 Quae
568 1738 662 1810 enim
677 1748 793 1833 poetae
806 1738 1016 1810 seutentiam
1035 1736 1251 1831 exprimunt,

237 1884 294 1934 oa.
305 1885 446 1957 semper
459 1865 533 1936 sere
550 1863 682 1935 habent
699 1885 825 1936 sonum
843 1863 1033 1957 quemdam
1053 1884 1156 1933 suum
1179 1882 1252 1955 quo

244 1989 576 2080 agnoscantur.Non
589 1989 622 2060 ei
634 1988 810 2060 immerito
826 1987 1119 2081 tribunatusquaa
1129 2008 1253 2091 propo

245 2124 376 2184 nuutur
385 2114 530 2208 saepius,
541 2134 582 2184 aa
591 2114 716 2186 crebro
724 2125 759 2185 ct
766 2115 921 2206 graviter
934 2113 1125 2202 iterantnn3
1138 2133 1254 2205 neque

244 2237 338 2309 utus
370 2248 426 2310 est
455 2238 666 2312 dubitationi
694 2241 792 2311 iocus
823 2261 932 2333 quum
958 2259 1118 2332 persuum
1148 2236 1254 2309 aliouai

242 2363 420 2434 contraria
435 2364 579 2436 omnino
598 2365 674 2456 ejus
691 2374 755 2436 aut
768 2365 864 2436 aetati
881 2374 945 2434 aut
959 2363 1075 2435 indoli.
1091 2361 1252 2434 tribuun-

245 2486 460 2582 tunffluccit„
477 2486 543 2562 20i
563 2509 594 2560 s.
611 2488 661 2559 Ci.
675 2489 882 2581 fragmenta.
893 2490 1108 2581 Melanippes,
1124 2484 1250 2574 483s0,

204 2656 208 2665 ·
244 2620 280 2682 ct
290 2611 532 2705 Naegelsbach,
549 2615 597 2685 N.
617 2614 693 2700 Tin,
713 2636 750 2707 p.
766 2610 872 2710 438)3
885 2632 1014 2684 nomen
1029 2610 1087 2681 iila
1108 2610 1252 2705 quidem

241 2745 283 2808 et
299 2738 519 2810 occasionem
542 2737 710 2833 praebuit3
734 2759 819 2811 vere
841 2738 938 2827 silet3
965 2736 1108 2811 auditur
1132 2745 1249 2830 poeta.

242 2861 316 2932 Lex
327 2884 413 2935 vero
427 2863 494 2935 ista
510 2864 556 2934 sit
574 2860 775 2936 firmissima
793 2863 872 2957 pius
887 2860 1105 2934 auctoritatis
1121 2881 1199 2932 esse
1214 2859 1251 2930 in

238 2988 393 3061 ‘servatis
414 2987 541 3060 fabulis
558 3011 665 3083 quam
684 2989 719 3061 iu
739 2987 933 3082 deperditis
953 2985 1027 3083 (i),
1045 2987 1125 3081 pius
1142 2985 1250 3058 etiam

244 3110 280 3182 in
297 3113 394 3184 omni
407 3113 811 3208 iabuiaeconsilioquam
825 3114 860 3183 in
877 3135 947 3186 uno
958 3123 1020 3185 aut
1031 3112 1143 3185 altero
1157 3111 1253 3203 ejus·

238 3239 326 3310 dcm
345 3250 505 3314 truncato
527 3264 634 3314 versu
651 3240 725 3338 (2);
742 3242 898 3336 donique
919 3242 1107 3335 siquando
1123 3238 1252 3312 idiiani

243 3365 409 3457 potuerit,
421 3367 520 3460 quod
537 3387 623 3438 sane
641 3387 721 3438 rano
740 3366 876 3456 evenit,
897 3365 944 3437 ad
961 3365 1090 3438 fabulae
1108 3374 1251 3436 aetatem

237 3502 303 3564 ost
327 3495 600 3590 respiciendum.
621 3496 670 3568 Fa
697 3517 782 3568 vere
810 3517 906 3569 nova
923 3494 1064 3588 legendi
1089 3492 1252 3565 adhibita

240 3618 383 3693 natione
394 3619 612 3714 ctiiunipide
628 3620 670 3692 in:
683 3641 767 3693 suos
783 3641 900 3694 moros
917 3640 1089 3713 suamque
1105 3626 1249 3691 aetatem

280 3949 318 4022 (1)
328 3949 404 4008 Vide
413 3970 500 4025 quam
509 3953 636 4028 strigosi,
648 3970 734 4026 quam
744 3954 885 4020 elumbes,
895 3970 982 4026 quam
989 3953 1054 4010 ialin
1065 3954 1188 4024 denique
1198 3969 1249 4024 ap-

242 4053 371 4116 pareant,
383 4052 409 4106 si
419 4049 590 4123 fragmentis
600 4052 663 4108 suis
673 4051 862 4118 aestimentur,
871 4051 1029 4124 AEsohylus
1039 4058 1068 4108 et
1078 4050 1248 4123 Sophocles.

284 4143 318 4217 (2)
331 4144 376 4205 cf.
392 4145 518 4217 Lubker,
537 4147 585 4207 un.
602 4151 713 4221 Eorta„
728 4148 764 4206 de
778 4148 984 4218 Schneithero‚
1000 4167 1029 4223 p.
1045 4149 1070 4206 4.
