3056 4976
625 460 786 526 ..35-

201 604 388 679 veritatem
404 609 540 670 naturae
554 593 729 691 significat
744 619 810 669 nee
826 597 1020 693 quidquam
1034 597 1101 672 uisi
1113 621 1213 673 axae

201 704 362 823 peruium
381 723 538 799 dolorem
557 732 660 794 sonat
679 719 780 816 (127,
796 729 869 792 πᾶν
878 752 930 818 μοι
948 719 1072 821 φοόερὸν
1089 727 1126 795 τὸ
1142 753 1214 821 προ·

201 855 322 950 οόμπον.
344 848 443 937 267,
465 853 500 917 οὐ
518 853 577 944 μήν
598 876 631 917 τε
652 858 775 928 ποιναῖς
791 853 822 944 γ’
843 849 1082 945 depravatricem(
1101 877 1140 945 με
1156 876 1213 918 κα·

201 979 432 1072 σεσμνανεῒσθαι
463 971 567 1070 (1)...
593 973 671 1045 Non
697 972 935 1045 necessarium
961 994 1047 1045 sane
1075 968 1213 1069 1α11(2)

201 1101 356 1194 aliquam
371 1121 416 1170 ex
436 1097 590 1169 inductis
610 1098 770 1193 personis
784 1096 853 1169 deo
872 1097 1096 1193 prudentiam
1116 1098 1213 1170 illam

171 1296 174 1301 ,
201 1224 405 1317 assignare,
425 1242 507 1315 quae
530 1222 675 1293 nomine
693 1219 976 1314 significabatur,
997 1221 1043 1293 ab
1062 1221 1214 1294 inimicia

201 1347 368 1444 quamvis
390 1356 519 1440 negata
541 1346 755 1435 timebatur,
777 1344 881 1418 dictis
903 1345 989 1440 ipsis
1008 1345 1211 1440 apparebat.

200 1474 273 1546 Nec
291 1472 468 1544 immerito
481 1472 534 1544 dc
553 1493 594 1544 so
617 1471 694 1565 ipse
715 1469 891 1564 gloriatur·
905 1470 1002 1564 quod
1019 1467 1124 1565 (813)
1147 1466 1214 1569 ltp-

200 1626 290 1670 κεται
314 1603 460 1669 πλέοντι
481 1607 538 1671 τοῦ
563 1599 768 1692 πεφασμένου.
789 1594 853 1667 Vel
875 1615 917 1667 ca
942 1596 1110 1690 prospicit
1135 1616 1216 1691 quoe

202 1724 358 1796 maxime
376 1731 511 1794 remota
530 1732 614 1792 sunt
631 1742 673 1797 ac
692 1742 780 1794 vcro
799 1720 951 1792 minime
963 1721 1092 1792 similia
1110 1718 1214 1818 (192,

202 1842 338 1919 σπεύδων
363 1842 558 1943 arraldum),
567 1896 572 1915 ,¹
587 1845 882 1941 provisurumquo
905 1867 1024 1918 rernm
1039 1844 1143 1943 (272,
1161 1846 1217 1930 σας

199 1976 421 2068 προσερπούσας
438 1974 580 2066 τύχας...
601 1973 639 2041 τὸ
656 1970 738 2063 πᾶν)
761 1979 907 2064 aspectu
927 1980 1137 2064 praescnlcm
1158 1990 1216 2042 ca·

202 2117 280 2173 sum
297 2092 402 2192 (271,
419 2095 462 2166 σὰ
480 2098 662 2192 παρόντα...
683 2091 764 2190 ἄχη)
785 2095 833 2165 ita
852 2095 1067 2184 consolatur,
1085 2105 1124 2166 ut
1141 2114 1217 2168 sex»
1300 2091 1301 2094 ’

201 2229 304 2293 centn
321 2221 355 2292 ei
372 2220 513 2315 propria
533 2219 624 2290 mala
640 2217 750 2311 (512,
771 2221 890 2316 μορίαις
908 2219 1079 2317 πημοναῖς)
1095 2219 1216 2292 breuis

202 2344 370 2437 temporis
390 2341 491 2440 (939,
512 2339 603 2415 τόνδε
621 2347 675 2414 τὸν
697 2345 813 2440 βραχὺν
827 2341 952 2441 χρόνον)
972 2343 1215 2417 6886νί16311·

203 2479 273 2540 tur.
292 2467 414 2562 Neque
436 2469 550 2563 impar
573 2469 650 2541 Iovi
674 2468 849 2540 audacter·
871 2468 1023 2541 obsistit.
1050 2468 1095 2541 Ut
1120 2469 1215 2542 enim

202 2615 244 2668 os
258 2594 351 2666 illius
370 2595 509 2666 mentiri
529 2589 1039 2690 116εοί101132,ψευδηγορεῖν...
1060 2599 1114 2664 οὐκ
1131 2595 1216 2664 ἐπίσ-

128 2706 132 2709 ’
199 2748 297 2791 γνενεαι
321 2722 422 2817 στόμα
443 2722 481 2791 τὸ
500 2716 609 2815 Δῖον),
637 2718 690 2790 sio
713 2739 754 2791 oe
778 2717 977 2791 Promethei
1004 2739 1078 2789 non·
1101 2716 1216 2790 variat

201 2842 307 2938 (opp.
329 2843 401 2919 662
414 2846 667 2941 ,αἰολοστόμους
693 2844 886 2941 χρησμούς);
907 2842 972 2915 sed
995 2844 1101 2940 λόγοις
1119 2837 1215 2938 (532

200 2977 240 3043 ct
263 2967 352 3062 782)
373 2969 574 3059 abundans,
609 2969 762 3041 inimicis
791 2978 995 3043 constanter
1022 2966 1214 3056 clauditur,

202 3093 324 3169 amicis
349 3117 475 3168 verum
501 3095 667 3190 aperitur
680 3092 790 3192 (612,
811 3099 910 3191 ὥσπερ
932 3089 1053 3163 δίκαιον
1071 3094 1144 3188 πρὸς
1166 3091 1217 3187 pt·
1249 3112 1252 3119 '

202 3226 275 3300 λους
292 3218 384 3316 οἴγειν
405 3217 536 3318 στόμα).
553 3219 658 3292 Vates
677 3218 738 3290 alii
757 3219 787 3290 si
806 3218 894 3312 quid
911 3218 1062 3311 primum
1080 3216 1216 3287 abnue·
1317 3242 1319 3245 ·
1369 3236 1374 3242 ¹

204 3355 302 3433 runt,
314 3344 559 3419 criminatione
573 3343 691 3438 aliqua
705 3343 885 3433 commoti,
903 3341 1021 3415 statim
1037 3339 1212 3435 aperiunt.

241 3624 280 3693 (l)
301 3623 367 3680 Noli
388 3621 520 3680 oblivisci
539 3623 619 3679 hunc
639 3637 757 3681 versum
775 3621 834 3679 illis
854 3623 1034 3696 proximum
1051 3622 1123 3691 273,
1139 3624 1217 3676 ἀνού-

211 3720 300 3778 σαθ’ὡς
314 3721 405 3784 μάθητε
422 3721 472 3771 διὰ
484 3719 591 3778 τέλους
601 3721 631 3772 τὸ
644 3725 702 3773 πᾶν.
713 3719 819 3778 Contra
828 3720 959 3786 Kolisch,
972 3738 1000 3792 p.
1013 3720 1026 3774 1
1039 3727 1113 3788 eds„
1126 3724 1217 3794 quint

203 3818 276 3874 mihi
289 3817 403 3875 videtur
416 3835 510 3892 neque
524 3823 688 3893 temporum
703 3834 798 3891 neque
812 3834 1002 3891 personarum
1018 3817 1090 3875 satis
1105 3837 1217 3894 aequam

203 3914 345 3971 rationem
358 3915 456 3972 habet.

239 4008 277 4085 (2)
302 4010 377 4069 Vide
400 4010 573 4071 Kolisehum
596 4012 648 4085 qui
669 4025 762 4084 quum
787 4010 816 4067 id
840 4010 1027 4082 desideravit,
1054 3999 1125 4069 mira
1150 4013 1217 4072 inda

204 4108 332 4180 collegit.
557 4110 560 4113 ’
