3094 4970
667 442 829 507 ..67-

241 580 553 680 plausus(Antip.,
575 581 646 652 999
662 603 712 679 s.,
732 581 826 652 4005
840 604 888 672 s.,
913 582 963 653 Cf.
982 586 1072 678 Sept.
1092 586 1170 657 ndo.
1189 587 1251 660 Tt.

234 706 1252 811 disputatorumflammaeqneaspectustnntiq„ibid),

137 914 150 935 .
249 836 408 930 denique
422 835 646 927 signaomnis
657 834 797 926 generis
809 856 889 928 quae
899 837 1011 907 notari
1025 850 1170 931 possunt
1180 841 1251 912 OE.

227 959 377 1052 ⁸R.,3t(t
394 980 403 1031 :
419 964 492 1054 μήτ’
506 961 559 1029 ἀπ’
573 924 684 1028 diurno
699 959 789 1053 φάτιν
803 964 877 1054 μήτ’
894 960 925 1028 εἴ
938 966 1011 1029 τιν’
1026 959 1143 1038 ἄλλην
1162 993 1254 1059 μαν-

240 1095 354 1164 τικῆς
375 1088 459 1179 ἔχεις
477 1078 563 1153 ὁδόν.
579 1123 628 1134 -
641 1081 711 1152 396
730 1108 738 1151 ε
758 1085 823 1154 οὔτ’
846 1089 879 1151 ἐκ
898 1087 969 1154 θεῶν
989 1113 1044 1155 του
1061 1091 1190 1182 γνωτόν.
1209 1129 1254 1143 -

239 1210 311 1279 605
325 1235 333 1279 :
345 1211 536 1305 τερασκόπῳ.
567 1207 648 1279 Vid.
666 1208 818 1295 Lubker,
835 1208 938 1301 Soplt.
956 1210 1081 1300 Theol„
1100 1213 1128 1302 l,
1140 1236 1176 1307 p.
1194 1211 1255 1312 45)

240 1334 303 1406 sed
330 1334 413 1427 quia
446 1352 504 1403 ars
528 1343 583 1403 est
616 1330 772 1403 humana
801 1353 843 1402 ao
868 1333 994 1404 ceteris
1018 1356 1089 1411 non
1116 1336 1254 1435 dispar,

241 1461 317 1554 ipsa
335 1459 440 1530 etiam
461 1468 496 1528 et
524 1477 644 1567 errare
666 1467 701 1527 et
720 1456 841 1528 fallere
864 1468 995 1551 potest.
1014 1459 1127 1553 Ipsius
1148 1461 1255 1554 igitur

243 1595 298 1656 est
317 1582 405 1655 fides
429 1585 575 1655 incerta.
598 1582 720 1675 Itaque
747 1603 867 1674 reges,
889 1581 919 1652 si
937 1583 1023 1676 quid
1041 1584 1253 1678 praetulerit,

241 1719 280 1782 ot
295 1719 426 1796 cetera,
438 1706 594 1802 experiri
602 1715 637 1777 et
645 1705 821 1778 aestimare
833 1728 871 1777 se
881 1728 985 1800 posse
996 1708 1205 1798 detendunt,
1222 1720 1258 1783 et
1316 1784 1321 1800 ⁴

239 1834 446 1906 criminibus
472 1831 633 1903 avaritiae
652 1841 688 1902 et
709 1829 869 1925 perfidiae
887 1842 986 1903 vates
1005 1833 1251 1927 insequuntur.

238 1957 285 2031 At
310 1958 403 2030 enim
431 1957 541 2050 liquet
560 1964 683 2050 postea
702 1954 790 2025 falsa
816 1954 926 2026 inisse
948 1956 1049 2028 istius
1075 1958 1170 2030 modi
1188 1959 1255 2029 cri·

233 2084 354 2175 mina;
373 2083 506 2175 majora
525 2080 669 2174 quidem
689 2089 773 2150 sunt
790 2089 826 2153 et
841 2081 1024 2154 acerbiora
1045 2103 1151 2176 quam
1172 2105 1253 2178 quae

240 2211 331 2281 intra
348 2208 414 2280 hos
435 2216 607 2300 angustos
626 2204 716 2277 fines
733 2217 962 2277 coerceantur
980 2203 1050 2301 (t).
1076 2206 1149 2279 lmo
1165 2207 1254 2278 nihil

240 2333 478 2428 respondetur
493 2331 630 2425 OEdipo
645 2329 817 2424 quaerenti
828 2327 910 2425 (391
934 2329 985 2427 s.)
998 2352 1062 2403 our
1081 2333 1254 2405 laboranti

239 2458 323 2533 olim
348 2457 483 2531 civitati
511 2468 546 2529 et
574 2464 674 2528 vatos
701 2467 737 2527 et
764 2477 822 2527 ars
857 2478 980 2528 eorum
1023 2470 1092 2528 tam
1119 2459 1254 2531 inutilis
1308 2522 1311 2526 .

239 2585 355 2656 fuerit.
397 2582 491 2654 Nihil
520 2581 614 2653 euim
655 2580 864 2675 responderi
900 2590 1037 2675 poterat
1058 2595 1187 2675 praeter
1216 2583 1253 2656 id

233 2707 547 2804 quodnuripides
583 2707 754 2800 (Helena,
791 2704 886 2808 752)
924 2717 960 2778 et
995 2704 1252 2802 Aristophanes

238 2831 475 2931 (Annona
486 2838 565 2904 θεῖον
580 2827 732 2912 ἐνεπόδιζέ
745 2831 799 2929 pe)
814 2841 936 2927 postea
953 2833 1165 2906 deriserunt.
1181 2834 1253 2908 Sed

238 2958 385 3032 maximi
411 2958 583 3031 momenti
610 2968 694 3030 sunt
711 2957 810 3030 chori
837 2959 947 3031 verba
965 2956 1055 3054 (OE.
1074 2962 1134 3050 R„
1163 2960 1249 3051 500,

238 3087 324 3160 504.
345 3088 396 3161 Cf.
417 3086 489 3162 380
507 3091 624 3183 ττέχνη
644 3091 755 3183 τέχνης
772 3087 988 3184 ὑπερφέρουσα)
1005 3111 1085 3181 quae
1101 3111 1254 3182 quocun·

238 3236 308 3308 que
327 3214 433 3286 modo
447 3234 489 3286 ea
506 3212 746 3307 interpreteris
760 3208 830 3309 (2),
851 3211 956 3284 fidem
975 3215 1041 3284 arti
1056 3215 1243 3307 abrogant,

238 3348 275 3410 et
288 3337 489 3410 divinantes
515 3337 552 3408 in
566 3336 724 3410 omnium
742 3358 828 3409 saue
844 3358 1029 3408 numerum
1049 3350 1245 3433 reponunt.

238 3460 316 3546 Quo
336 3462 451 3534 minus
471 3463 684 3534 vaticinantes
702 3461 958 3533 admirabimur
976 3464 1022 3534 ab
1040 3463 1082 3533 iis
1099 3484 1250 3555 quorum

228 3588 394 3661 -consiliis
421 3598 619 3682 repugnant
642 3598 678 3660 et
703 3589 916 3659 omunstat
940 3587 1105 3659 omnibus
1124 3598 1247 3661 eontu-

234 3712 354 3785 meliis
377 3712 504 3785 vexari
519 3711 625 3806 (Vide
644 3712 680 3781 in
696 3714 859 3804 Antiquos
878 3723 914 3784 et
937 3711 974 3783 in
994 3712 1128 3808 OEdtpo
1151 3716 1250 3807 Repe,

268 4019 312 4090 (1)
328 4018 453 4091 Ldbker,
475 4021 716 4089 vasammtunq...
734 4020 929 4086 detersohoid„
945 4039 974 4093 p.
991 4021 1034 4079 73.

275 4116 314 4188 (9)
329 4116 406 4174 Vide
420 4117 533 4185 Potens,
551 4116 638 4177 Tittoi.
652 4117 746 4190 Sopita
761 4135 791 4192 p.
808 4118 852 4184 tt.
869 4135 898 4176 n.
