3056 4976
643 457 819 529 e-lt-

234 594 378 664 Darium
401 603 612 687 praesentem
633 615 705 666 non
728 593 813 688 quia
838 615 884 664 ex
908 593 1029 664 inferis
1056 593 1092 662 in
1116 602 1244 665 terram

235 719 372 792 elicitus
387 730 454 810 est,
470 719 535 790 sed
549 720 596 792 ob
611 718 778 813 priscum,
794 741 866 811 quo
885 740 924 789 se
943 720 1136 790 etiamnum
1153 717 1245 791 allici

235 845 411 940 latentur,
432 845 526 937 regis
543 844 725 917 horrorem
746 844 863 917 Persae
882 856 1061 938 expavent
1080 842 1150 941 (l).
1169 845 1245 916 Non

235 974 409 1067 quidquid
426 974 462 1044 in
480 974 715 1045 Eumenidum
733 974 850 1046 sabula
863 968 992 1066 agitur,
1008 996 1097 1066 opus
1114 978 1168 1045 est
1184 996 1246 1045 ex-

235 1100 379 1193 plicare.
401 1099 445 1171 Ut
463 1100 663 1195 philosophi
679 1100 885 1172 recentioris
904 1100 973 1172 aevi
992 1101 1055 1173 sed
1074 1100 1125 1169 illi
1143 1101 1246 1191 longe

234 1223 303 1294 alia
329 1246 436 1296 causa
456 1234 671 1319 spectatores
697 1219 782 1318 ipsis
809 1223 844 1292 io
871 1223 1048 1294 miraculis
1068 1222 1156 1293 nihil
1174 1223 1248 1293 fere

236 1348 467 1419 mirabantur.

283 1471 361 1556 Quo
380 1472 531 1567 amplior
547 1473 614 1545 ista
627 1472 892 1568 proponebatur
907 1484 1021 1565 poetae
1036 1472 1137 1565 quasi
1152 1492 1247 1564 quae·

236 1598 316 1691 dam
340 1599 515 1693 supellex,
533 1620 576 1670 eo
592 1601 704 1691 major
719 1599 786 1668 fuit
804 1599 880 1688 ejus
902 1608 937 1668 66
956 1598 992 1667 in
1012 1595 1247 1687 excogitando

235 1723 376 1795 audacia
390 1735 426 1795 et
438 1724 636 1796 ininventis
646 1724 828 1794 diversitos.
839 1724 902 1794 Hic
912 1723 1005 1794 enim
1017 1745 1087 1794 non
1097 1722 1202 1793 modo
1210 1722 1247 1793 in

235 1848 331 1918 omni
347 1870 476 1940 genere
490 1849 590 1940 signa
604 1849 722 1921 omnia
740 1858 941 1937 servantur,
958 1845 1245 1941 oraculalProm.,

235 1970 330 2061 662,
352 1972 436 2042 669.
458 1974 614 2065 Septem,
633 1969 718 2044 866.
741 1974 849 2059 Parc,
871 1971 957 2060 739,
982 1970 1066 2042 866.
1088 1971 1245 2063 06666666,

234 2095 616 2188 maccabaeus.
636 2095 873 2186 66666666
888 2093 1041 2185 6.,636,
1056 2092 1139 2183 lca,
1160 2094 1246 2186 ara,
1346 2078 1356 2104 ⁸

235 2221 408 2310 7l3ets.,
426 2221 980 2319 797),sornnic(desomniorium
998 2221 1176 2313 totiusque
1192 2219 1245 2289 di·

235 2347 428 2419 vinctionis
443 2349 590 2420 scientia
605 2351 738 2436 Prona„
753 2346 823 2418 l85
844 2360 879 2419 et
896 2368 928 2418 s.
942 2347 1082 2440 0666666,
1099 2346 1144 2416 33
1164 2356 1200 2417 66
1214 2367 1245 2416 s.

234 2469 350 2560 Pera,
371 2473 453 2543 676.
474 2473 574 2545 Conl.
595 2473 922 2562 airardsoumenr
937 2473 1110 2565 relipieaac,
1125 2468 1188 2541 666
1214 2479 1250 2542 66

238 2595 302 2692 s),
322 2604 465 2690 adporto
479 2594 634 2693 (Apum,
649 2598 756 2693 6653.
772 2601 881 2679 Pera,
894 2595 996 2693 266),
1005 2602 1142 2688 fortuito
1151 2596 1249 2667 cerdo

240 2723 394 2815 (Apum,
409 2721 533 2820 6663),
545 2723 858 2817 deniqueportentc
870 2731 1039 2820 omcto‚ut
1052 2724 1080 2794 si
1091 2723 1248 2817 perdens

238 2847 343 2919 liceat
364 2849 456 2919 mala
470 2859 706 2942 prorogantur
716 2846 841 2944 (Pera,
864 2847 950 2937 267,
972 2847 1058 2919 766.
1074 2849 1115 2918 V.
1134 2847 1247 2919 Dron-

238 2973 358 3064 keum,
379 2997 414 3067 p.
431 2974 491 3062 59,
503 2972 629 3070 6666),
646 2996 687 3046 66
703 2986 799 3047 certe
819 2977 993 3047 voluntati
1011 2976 1158 3047 deorum
1174 2974 1248 3044 vita

240 3099 671 3188 nostraaccommodetur3
691 3102 754 3171 sed
775 3101 928 3172 maxima
948 3100 1131 3192 diligentia
1146 3099 1171 3168 ii
1186 3119 1247 3169 au·

240 3221 385 3292 diuntur
405 3223 466 3316 qui
484 3224 703 3295 voluntatem
724 3224 819 3295 illam
837 3225 903 3319 ipsi
920 3225 1096 3319 aperiunt.
1113 3223 1247 3293 Horum

240 3347 322 3417 lecit
342 3347 529 3442 AEschplus
548 3359 584 3419 et
601 3347 739 3419 firmam
757 3349 964 3442 dignitatem
980 3360 1022 3441 ,66
1039 3349 1247 3421 varietatem

240 3474 432 3565 egregiam.
450 3474 555 3545 Vates
572 3473 717 3567 quidem
735 3475 770 3545 in
789 3474 887 3546 hisce
906 3474 1033 3546 fabulis
1052 3495 1124 3545 non
1142 3472 1247 3543 modo

241 3596 328 3665 nihil
355 3595 532 3692 abjectum
556 3609 617 3669 aut
652 3599 833 3671 mediocre
869 3611 1012 3685 curant,
1044 3597 1247 3691 aequitatem

240 3731 276 3791 et
316 3721 494 3793 salubrem
533 3723 756 3796 clementiam
796 3724 1013 3811 defendunt,
1047 3723 1112 3795 sed
1143 3734 1179 3794 66
1212 3722 1248 3792 in

277 4005 314 4075 (l)
333 4003 431 4075 Rodia,
447 4007 636 4073 6666666666,
653 4011 721 4074 etc„
738 4025 768 4080 p.
784 4008 816 4063 ll
832 4014 862 4064 et
876 4009 922 4065 75.
937 4006 1042 4065 Conler
1055 4008 1086 4064 in
1100 4004 1248 4063 Herodoto

154 4160 157 4165 ,
240 4103 351 4157 Melissa
363 4104 561 4161 evocationem
574 4110 718 4162 narratam
732 4106 762 4162 in
777 4107 916 4162 concione
931 4104 978 4179 (V.
991 4106 1034 4171 32,
1052 4105 1091 4173 7).
