3094 4970
654 513 694 563 -'·
715 515 753 579 59
774 550 814 563 -
1170 600 1173 609 .

226 665 342 744 retur,
368 652 555 748 praeteritis
578 653 839 745 conjungebant
862 655 1070 747 praesentia‚
1090 665 1126 728 et
1150 678 1239 729 vera

226 781 264 853 vi
281 779 438 868 dicendi,
451 800 520 850 non
541 776 621 849 ficta
637 778 771 871 prologi
789 777 909 871 specie
925 780 1121 854 auditorem
1134 782 1240 854 doce-

226 905 314 977 bant
328 903 414 996 quid
430 914 524 974 esset
538 902 812 997 expectandum,
824 902 883 973 vel
901 924 1086 975 causarum
1104 906 1241 979 ratione

226 1029 385 1103 adbibitu
408 1030 485 1122 ipsa
512 1038 640 1099 eventa
668 1028 906 1101 illustrabant.
928 1028 1126 1102 -Omnes
1153 1053 1240 1106 vero

227 1153 497 1227 vaticinationes
510 1174 553 1225 eo
561 1153 697 1244 judicio
707 1153 887 1249 dispositae
898 1164 981 1226 sunt
993 1177 1107 1249 eoquo
1122 1157 1241 1237 colore

226 1279 375 1367 indutae,
391 1290 431 1349 ut
447 1279 657 1373 interpretes
673 1279 724 1348 illi
745 1279 892 1351 deorum
908 1281 1053 1373 antiqua
1068 1279 1138 1352 fide
1154 1303 1239 1354 vera

227 1416 263 1478 et
272 1406 542 1500 pronuntiarent
554 1415 590 1475 et
603 1405 850 1498 pronuntiasse
866 1416 1088 1502 putarentur,
1106 1407 1236 1478 nedum

227 1551 350 1602 eorum
378 1530 523 1601 facultas
549 1543 610 1601 aut
636 1528 809 1602 divinatio
833 1530 869 1600 in
895 1529 1048 1623 aliquam
1068 1532 1241 1625 suspicio·

227 1681 307 1732 nem
326 1660 481 1731 caderet.
502 1657 808 1742 Quemadmodum
829 1658 922 1729 enim
939 1659 1124 1755 AEschylus
1142 1662 1241 1731 netas

227 1781 371 1853 duxerit
398 1801 551 1851 noueum
571 1779 706 1872 aliquid
731 1781 767 1850 in
798 1779 971 1873 religione
1002 1781 1161 1868 effutire,
1190 1781 1241 1853 sic

227 1914 483 1987 divinationem
513 1935 584 1985 non
619 1914 825 2008 procacibus
857 1914 976 1986 verbis
1012 1914 1146 2009 illusit,
1180 1925 1241 1985 aut

226 2040 415 2112 illudentes
435 2061 512 2130 eam
533 2040 695 2128 induxit3
718 2039 841 2110 maluit
865 2041 962 2134 quod
990 2041 1100 2111 multo
1125 2041 1240 2132 majus

226 2176 316 2255 erat,
327 2166 505 2238 luculente
521 2177 557 2237 et
573 2166 728 2258 graviter
741 2166 818 2237 eam
831 2166 1045 2260 exprimere.
1057 2165 1145 2250 Quae
1154 2166 1243 2236 vati·

226 2290 442 2362 cinationum
457 2300 550 2361 esset
563 2290 730 2379 varietas,
742 2291 915 2378 vidimus3
926 2279 1079 2361 diversae
1088 2289 1236 2383 quidem

227 2416 495 2489 vaticinantium
529 2416 648 2487 indole
679 2438 869 2508 rerumque
901 2416 1148 2510 praedictarum
1180 2436 1238 2485 ra-

226 2542 324 2614 tione
343 2551 378 2614 et
395 2541 520 2613 ordine
537 2540 816 2634 compositionis,
838 2561 939 2635 pares
956 2551 1039 2610 sunt
1051 2563 1161 2633 quum
1178 2561 1238 2611 su-

226 2665 399 2737 blimitate
418 2688 555 2755 rerum,
578 2677 650 2736 tum
678 2666 868 2737 verborum
897 2666 1097 2756 majestate,
1120 2665 1168 2735 ita
1200 2673 1240 2734 ut

228 2790 413 2887 AEscbylus
428 2813 533 2884 quem
546 2790 739 2860 maximum
751 2790 845 2883 apud
856 2790 996 2862 Graecos
1008 2789 1065 2862 vel
1078 2800 1157 2883 post
1169 2780 1239 2861 Ho'·

228 2937 366 2987 merum
390 2915 654 3008 Hesiodumqne
683 2937 801 2985 rerum
826 2915 1030 2986 divinarum
1058 2924 1238 2985 auctorem

228 3052 354 3136 putant
380 3037 457 3136 (t),
477 3040 583 3110 etiam
614 3039 719 3131 longe
743 3041 1059 3134 praestantissimus'
1080 3040 1238 3111 omnium

230 3166 402 3238 dicendus
417 3165 463 3236 sit
480 3165 584 3257 hujus
598 3165 740 3256 generis
759 3165 945 3258 interpres,
959 3165 1037 3237 sive
1052 3165 1185 3257 ingenii
1202 3163 1237 3234 vi

229 3291 386 3386 propria,
407 3290 485 3361 sive
505 3289 650 3382 antiqua
670 3289 810 3383 pietatis
829 3289 1045 3362 sinceritate.

169 3510 172 3515 ’
266 3547 301 3620 (u
319 3545 468 3611 werouer,
485 3547 665 3614 corrobora,
680 3546 724 3614 11,
739 3566 769 3621 p.
785 3545 847 3604 unc.
886 3560 888 3566 ·
