<?xml version="1.0" encoding="UTF-8"?>
<!DOCTYPE html PUBLIC "-//W3C//DTD XHTML 1.0 Transitional//EN"
    "http://www.w3.org/TR/xhtml1/DTD/xhtml1-transitional.dtd">
<html xmlns="http://www.w3.org/1999/xhtml" xml:lang="en" lang="en">
 <head>
  <title>
</title>
<meta http-equiv="Content-Type" content="text/html;charset=utf-8" />
  <meta name='ocr-system' content='tesseract 3.04.00' />
  <meta name='ocr-capabilities' content='ocr_page ocr_carea ocr_par ocr_line ocrx_word'/>
</head>
<body>
  <div class='ocr_page' id='page_1' title='image "./devaticinatione00lillgoog_0082.png"; bbox 0 0 3094 4970; ppageno 0'>
   <div class='ocr_carea' id='block_1_1' title="bbox 666 451 827 514">
    <p class='ocr_par' dir='ltr' id='par_1_1' title="bbox 666 451 827 514">
     <span class='ocr_line' id='line_1_1' title="bbox 666 451 827 514; baseline -0.031 -11"><span class='ocrx_word' id='word_1_1' title='bbox 666 451 827 514; x_wconf 79' lang='grc'>...61-</span> 
     </span>
    </p>
   </div>
   <div class='ocr_carea' id='block_1_2' title="bbox 232 588 1255 3698">
    <p class='ocr_par' dir='ltr' id='par_1_2' title="bbox 232 588 1255 3698">
     <span class='ocr_line' id='line_1_2' title="bbox 232 588 1254 686; baseline -0.001 -21"><span class='ocrx_word' id='word_1_2' title='bbox 232 591 403 686; x_wconf 84' lang='lat' dir='ltr'>quamvis</span> <span class='ocrx_word' id='word_1_3' title='bbox 422 613 494 664; x_wconf 94' lang='lat' dir='ltr'>non</span> <span class='ocrx_word' id='word_1_4' title='bbox 510 591 635 664; x_wconf 87' lang='lat' dir='ltr'>eodem</span> <span class='ocrx_word' id='word_1_5' title='bbox 649 591 776 684; x_wconf 81' lang='lat' dir='ltr'>gradu,</span> <span class='ocrx_word' id='word_1_6' title='bbox 793 601 910 662; x_wconf 89' lang='lat' dir='ltr'>tamen</span> <span class='ocrx_word' id='word_1_7' title='bbox 928 592 964 662; x_wconf 93' lang='lat' dir='ltr'>in</span> <span class='ocrx_word' id='word_1_8' title='bbox 979 612 1049 663; x_wconf 91' lang='lat' dir='ltr'>una</span> <span class='ocrx_word' id='word_1_9' title='bbox 1065 600 1165 686; x_wconf 90' lang='lat' dir='ltr'>parte</span> <span class='ocrx_word' id='word_1_10' title='bbox 1182 588 1254 664; x_wconf 77' lang='lat' dir='ltr'>Eu·</span> 
     </span>
     <span class='ocr_line' id='line_1_3' title="bbox 236 714 1253 811; baseline 0.002 -23"><span class='ocrx_word' id='word_1_11' title='bbox 236 716 344 811; x_wconf 90' lang='lat' dir='ltr'>ripidi</span> <span class='ocrx_word' id='word_1_12' title='bbox 360 716 547 788; x_wconf 88' lang='lat' dir='ltr'>contraria.</span> <span class='ocrx_word' id='word_1_13' title='bbox 570 717 644 788; x_wconf 92' lang='lat' dir='ltr'>Imo</span> <span class='ocrx_word' id='word_1_14' title='bbox 664 714 825 788; x_wconf 87' lang='lat' dir='ltr'>nonnulli</span> <span class='ocrx_word' id='word_1_15' title='bbox 841 718 1101 788; x_wconf 89' lang='lat' dir='ltr'>contenderunt</span> <span class='ocrx_word' id='word_1_16' title='bbox 1114 717 1253 810; x_wconf 87' lang='lat' dir='ltr'>optabi·</span> 
     </span>
     <span class='ocr_line' id='line_1_4' title="bbox 239 839 1252 934; baseline -0.001 -21"><span class='ocrx_word' id='word_1_17' title='bbox 239 840 308 913; x_wconf 88' lang='lat' dir='ltr'>lem</span> <span class='ocrx_word' id='word_1_18' title='bbox 334 839 429 913; x_wconf 91' lang='lat' dir='ltr'>illam</span> <span class='ocrx_word' id='word_1_19' title='bbox 449 851 632 934; x_wconf 90' lang='lat' dir='ltr'>poetarum</span> <span class='ocrx_word' id='word_1_20' title='bbox 656 863 736 912; x_wconf 92' lang='lat' dir='ltr'>cum</span> <span class='ocrx_word' id='word_1_21' title='bbox 756 861 888 913; x_wconf 91' lang='lat' dir='ltr'>corona</span> <span class='ocrx_word' id='word_1_22' title='bbox 905 840 1130 913; x_wconf 76' lang='lat' dir='ltr'>concordiam</span> <span class='ocrx_word' id='word_1_23' title='bbox 1158 862 1252 912; x_wconf 92' lang='lat' dir='ltr'>nuo·</span> 
     </span>
     <span class='ocr_line' id='line_1_5' title="bbox 232 963 1251 1060; baseline 0.001 -25"><span class='ocrx_word' id='word_1_24' title='bbox 232 985 345 1059; x_wconf 85' lang='lat' dir='ltr'>quam</span> <span class='ocrx_word' id='word_1_25' title='bbox 358 965 526 1057; x_wconf 85' lang='lat' dir='ltr'>majorem</span> <span class='ocrx_word' id='word_1_26' title='bbox 540 964 649 1036; x_wconf 88' lang='lat' dir='ltr'>luisse</span> <span class='ocrx_word' id='word_1_27' title='bbox 661 986 766 1058; x_wconf 90' lang='lat' dir='ltr'>qnam</span> <span class='ocrx_word' id='word_1_28' title='bbox 779 966 815 1034; x_wconf 93' lang='lat' dir='ltr'>in</span> <span class='ocrx_word' id='word_1_29' title='bbox 830 963 1024 1060; x_wconf 91' lang='lat' dir='ltr'>Sophocle;</span> <span class='ocrx_word' id='word_1_30' title='bbox 1041 966 1141 1056; x_wconf 89' lang='lat' dir='ltr'>cnjus</span> <span class='ocrx_word' id='word_1_31' title='bbox 1156 965 1251 1036; x_wconf 87' lang='lat' dir='ltr'>enim</span> 
     </span>
     <span class='ocr_line' id='line_1_6' title="bbox 240 1087 1251 1182; baseline 0.001 -24"><span class='ocrx_word' id='word_1_32' title='bbox 240 1089 484 1161; x_wconf 89' lang='lat' dir='ltr'>moderatione</span> <span class='ocrx_word' id='word_1_33' title='bbox 495 1089 604 1159; x_wconf 89' lang='lat' dir='ltr'>animi</span> <span class='ocrx_word' id='word_1_34' title='bbox 617 1089 779 1182; x_wconf 81' lang='lat' dir='ltr'>religioni</span> <span class='ocrx_word' id='word_1_35' title='bbox 788 1087 1251 1161; x_wconf 86' lang='lat' dir='ltr'>Atheniensiomcumulnm</span> 
     </span>
     <span class='ocr_line' id='line_1_7' title="bbox 232 1212 1252 1311; baseline 0.002 -25"><span class='ocrx_word' id='word_1_36' title='bbox 232 1216 428 1309; x_wconf 87' lang='lat' dir='ltr'>quemdam</span> <span class='ocrx_word' id='word_1_37' title='bbox 448 1214 623 1308; x_wconf 88' lang='lat' dir='ltr'>adjectum</span> <span class='ocrx_word' id='word_1_38' title='bbox 650 1236 729 1288; x_wconf 90' lang='lat' dir='ltr'>esse</span> <span class='ocrx_word' id='word_1_39' title='bbox 747 1212 827 1311; x_wconf 79' lang='lat' dir='ltr'>¹(l);</span> <span class='ocrx_word' id='word_1_40' title='bbox 858 1214 1007 1286; x_wconf 89' lang='lat' dir='ltr'>deorum</span> <span class='ocrx_word' id='word_1_41' title='bbox 1029 1215 1066 1285; x_wconf 92' lang='lat' dir='ltr'>in</span> <span class='ocrx_word' id='word_1_42' title='bbox 1086 1214 1252 1309; x_wconf 74' lang='lat' dir='ltr'>AEschylo</span> 
     </span>
     <span class='ocr_line' id='line_1_8' title="bbox 237 1339 1251 1434; baseline 0.003 -25"><span class='ocrx_word' id='word_1_43' title='bbox 237 1339 442 1434; x_wconf 87' lang='lat' dir='ltr'>imperium,</span> <span class='ocrx_word' id='word_1_44' title='bbox 463 1340 500 1411; x_wconf 92' lang='lat' dir='ltr'>in</span> <span class='ocrx_word' id='word_1_45' title='bbox 515 1340 590 1417; x_wconf 66' lang='lat' dir='ltr'>hoc,</span> <span class='ocrx_word' id='word_1_46' title='bbox 597 1340 771 1432; x_wconf 88' lang='lat' dir='ltr'>justitiam</span> <span class='ocrx_word' id='word_1_47' title='bbox 792 1340 933 1433; x_wconf 78' lang='lat' dir='ltr'>vigere3</span> <span class='ocrx_word' id='word_1_48' title='bbox 955 1361 1078 1413; x_wconf 87' lang='lat' dir='ltr'>omnes</span> <span class='ocrx_word' id='word_1_49' title='bbox 1096 1340 1251 1434; x_wconf 87' lang='lat' dir='ltr'>antiqui-</span> 
     </span>
     <span class='ocr_line' id='line_1_9' title="bbox 236 1463 1250 1558; baseline 0.002 -23"><span class='ocrx_word' id='word_1_50' title='bbox 236 1464 322 1535; x_wconf 86' lang='lat' dir='ltr'>tatis</span> <span class='ocrx_word' id='word_1_51' title='bbox 342 1463 506 1536; x_wconf 76' lang='lat' dir='ltr'>historias</span> <span class='ocrx_word' id='word_1_52' title='bbox 529 1476 628 1558; x_wconf 80' lang='lat' dir='ltr'>grata</span> <span class='ocrx_word' id='word_1_53' title='bbox 648 1464 754 1558; x_wconf 90' lang='lat' dir='ltr'>hujus</span> <span class='ocrx_word' id='word_1_54' title='bbox 775 1464 922 1537; x_wconf 91' lang='lat' dir='ltr'>mollitie</span> <span class='ocrx_word' id='word_1_55' title='bbox 944 1465 1120 1558; x_wconf 80' lang='lat' dir='ltr'>mitigatas</span> <span class='ocrx_word' id='word_1_56' title='bbox 1144 1485 1250 1555; x_wconf 88' lang='lat' dir='ltr'>esse,</span> 
     </span>
     <span class='ocr_line' id='line_1_10' title="bbox 232 1589 1251 1685; baseline 0.005 -27"><span class='ocrx_word' id='word_1_57' title='bbox 232 1611 377 1661; x_wconf 75' lang='lat' dir='ltr'>:summa</span> <span class='ocrx_word' id='word_1_58' title='bbox 395 1591 586 1662; x_wconf 85' lang='lat' dir='ltr'>severitate</span> <span class='ocrx_word' id='word_1_59' title='bbox 604 1590 810 1663; x_wconf 87' lang='lat' dir='ltr'>emendatas</span> <span class='ocrx_word' id='word_1_60' title='bbox 833 1601 869 1663; x_wconf 90' lang='lat' dir='ltr'>et</span> <span class='ocrx_word' id='word_1_61' title='bbox 888 1591 925 1662; x_wconf 94' lang='lat' dir='ltr'>in</span> <span class='ocrx_word' id='word_1_62' title='bbox 948 1611 1053 1661; x_wconf 89' lang='lat' dir='ltr'>unam</span> <span class='ocrx_word' id='word_1_63' title='bbox 1073 1589 1251 1685; x_wconf 90' lang='lat' dir='ltr'>pulchrio-</span> 
     </span>
     <span class='ocr_line' id='line_1_11' title="bbox 239 1715 1252 1810; baseline 0.001 -25"><span class='ocrx_word' id='word_1_64' title='bbox 239 1736 387 1808; x_wconf 89' lang='lat' dir='ltr'>remque</span> <span class='ocrx_word' id='word_1_65' title='bbox 406 1717 555 1788; x_wconf 83' lang='lat' dir='ltr'>formam</span> <span class='ocrx_word' id='word_1_66' title='bbox 570 1716 760 1805; x_wconf 83' lang='lat' dir='ltr'>adductas3</span> <span class='ocrx_word' id='word_1_67' title='bbox 780 1716 935 1810; x_wconf 90' lang='lat' dir='ltr'>denique</span> <span class='ocrx_word' id='word_1_68' title='bbox 950 1715 1046 1808; x_wconf 94' lang='lat' dir='ltr'>quod</span> <span class='ocrx_word' id='word_1_69' title='bbox 1062 1715 1252 1809; x_wconf 76' lang='lat' dir='ltr'>incepisset</span> 
     </span>
     <span class='ocr_line' id='line_1_12' title="bbox 233 1842 1205 1941; baseline 0.004 -28"><span class='ocrx_word' id='word_1_70' title='bbox 233 1843 438 1940; x_wconf 64' lang='lat' dir='ltr'>,AEschylua</span> <span class='ocrx_word' id='word_1_71' title='bbox 459 1843 668 1939; x_wconf 83' lang='lat' dir='ltr'>Sophoclem</span> <span class='ocrx_word' id='word_1_72' title='bbox 688 1864 774 1916; x_wconf 88' lang='lat' dir='ltr'>vere</span> <span class='ocrx_word' id='word_1_73' title='bbox 794 1844 830 1915; x_wconf 90' lang='lat' dir='ltr'>in</span> <span class='ocrx_word' id='word_1_74' title='bbox 850 1845 905 1916; x_wconf 91' lang='lat' dir='ltr'>dis</span> <span class='ocrx_word' id='word_1_75' title='bbox 925 1844 1116 1939; x_wconf 75' lang='lat' dir='ltr'>perfecisse</span> <span class='ocrx_word' id='word_1_76' title='bbox 1133 1842 1205 1941; x_wconf 65' lang='lat'><strong>(2).</strong></span> 
     </span>
     <span class='ocr_line' id='line_1_13' title="bbox 288 1958 1248 2061; baseline 0.001 -20"><span class='ocrx_word' id='word_1_77' title='bbox 288 1967 372 2041; x_wconf 84' lang='lat' dir='ltr'>Haec</span> <span class='ocrx_word' id='word_1_78' title='bbox 392 1977 428 2041; x_wconf 94' lang='lat' dir='ltr'>et</span> <span class='ocrx_word' id='word_1_79' title='bbox 450 1969 537 2040; x_wconf 86' lang='lat' dir='ltr'>talia</span> <span class='ocrx_word' id='word_1_80' title='bbox 550 1969 581 2040; x_wconf 86' lang='lat' dir='ltr'>si</span> <span class='ocrx_word' id='word_1_81' title='bbox 600 1970 691 2042; x_wconf 85' lang='lat' dir='ltr'>foret</span> <span class='ocrx_word' id='word_1_82' title='bbox 708 1968 814 2061; x_wconf 74' lang='lat' dir='ltr'>hujus</span> <span class='ocrx_word' id='word_1_83' title='bbox 839 1958 905 2042; x_wconf 83' lang='lat' dir='ltr'>loci</span> <span class='ocrx_word' id='word_1_84' title='bbox 926 1969 1123 2057; x_wconf 81' lang='lat' dir='ltr'>disserere,</span> <span class='ocrx_word' id='word_1_85' title='bbox 1146 1968 1248 2042; x_wconf 83' lang='lat' dir='ltr'>facile</span> 
     </span>
     <span class='ocr_line' id='line_1_14' title="bbox 236 2094 1249 2189; baseline -0.001 -23"><span class='ocrx_word' id='word_1_86' title='bbox 236 2104 280 2166; x_wconf 91' lang='lat' dir='ltr'>ut</span> <span class='ocrx_word' id='word_1_87' title='bbox 293 2094 419 2188; x_wconf 92' lang='lat' dir='ltr'>opinor</span> <span class='ocrx_word' id='word_1_88' title='bbox 431 2094 682 2167; x_wconf 67' lang='lat' dir='ltr'>defenderetur</span> <span class='ocrx_word' id='word_1_89' title='bbox 697 2095 863 2188; x_wconf 79' lang='lat' dir='ltr'>evulgata</span> <span class='ocrx_word' id='word_1_90' title='bbox 880 2095 1048 2189; x_wconf 90' lang='lat' dir='ltr'>opinione</span> <span class='ocrx_word' id='word_1_91' title='bbox 1068 2117 1139 2166; x_wconf 94' lang='lat' dir='ltr'>non</span> <span class='ocrx_word' id='word_1_92' title='bbox 1159 2094 1249 2165; x_wconf 92' lang='lat' dir='ltr'>mnl·</span> 
     </span>
     <span class='ocr_line' id='line_1_15' title="bbox 241 2217 1254 2314; baseline -0.002 -24"><span class='ocrx_word' id='word_1_93' title='bbox 241 2229 316 2290; x_wconf 90' lang='lat' dir='ltr'>tum</span> <span class='ocrx_word' id='word_1_94' title='bbox 342 2218 465 2312; x_wconf 72' lang='lat' dir='ltr'>gloriae</span> <span class='ocrx_word' id='word_1_95' title='bbox 493 2219 678 2313; x_wconf 89' lang='lat' dir='ltr'>Sophoclis</span> <span class='ocrx_word' id='word_1_96' title='bbox 710 2239 791 2292; x_wconf 85' lang='lat' dir='ltr'>esse</span> <span class='ocrx_word' id='word_1_97' title='bbox 819 2219 1002 2309; x_wconf 89' lang='lat' dir='ltr'>additum,</span> <span class='ocrx_word' id='word_1_98' title='bbox 1024 2240 1072 2291; x_wconf 85' lang='lat' dir='ltr'>ex</span> <span class='ocrx_word' id='word_1_99' title='bbox 1097 2217 1254 2314; x_wconf 80' lang='lat' dir='ltr'>AEsohyli</span> 
     </span>
     <span class='ocr_line' id='line_1_16' title="bbox 240 2342 1252 2438; baseline 0.004 -26"><span class='ocrx_word' id='word_1_100' title='bbox 240 2343 347 2415; x_wconf 90' lang='lat' dir='ltr'>lande</span> <span class='ocrx_word' id='word_1_101' title='bbox 370 2343 566 2415; x_wconf 89' lang='lat' dir='ltr'>detractum</span> <span class='ocrx_word' id='word_1_102' title='bbox 596 2344 750 2438; x_wconf 91' lang='lat' dir='ltr'>aliquid,</span> <span class='ocrx_word' id='word_1_103' title='bbox 779 2344 965 2416; x_wconf 90' lang='lat' dir='ltr'>veritatem</span> <span class='ocrx_word' id='word_1_104' title='bbox 992 2365 1080 2415; x_wconf 91' lang='lat' dir='ltr'>vero</span> <span class='ocrx_word' id='word_1_105' title='bbox 1106 2342 1252 2416; x_wconf 89' lang='lat' dir='ltr'>omnino</span> 
     </span>
     <span class='ocr_line' id='line_1_17' title="bbox 234 2466 1252 2562; baseline 0 -22"><span class='ocrx_word' id='word_1_106' title='bbox 234 2469 292 2540; x_wconf 81' lang='lat' dir='ltr'>sic</span> <span class='ocrx_word' id='word_1_107' title='bbox 306 2468 499 2542; x_wconf 88' lang='lat' dir='ltr'>obscurari.</span> <span class='ocrx_word' id='word_1_108' title='bbox 521 2468 598 2540; x_wconf 94' lang='lat' dir='ltr'>Non</span> <span class='ocrx_word' id='word_1_109' title='bbox 615 2469 749 2540; x_wconf 90' lang='lat' dir='ltr'>invitus</span> <span class='ocrx_word' id='word_1_110' title='bbox 763 2469 966 2562; x_wconf 84' lang='lat' dir='ltr'>opulentam</span> <span class='ocrx_word' id='word_1_111' title='bbox 983 2468 1080 2538; x_wconf 91' lang='lat' dir='ltr'>illam</span> <span class='ocrx_word' id='word_1_112' title='bbox 1095 2466 1132 2536; x_wconf 93' lang='lat' dir='ltr'>in</span> <span class='ocrx_word' id='word_1_113' title='bbox 1146 2467 1252 2540; x_wconf 89' lang='lat' dir='ltr'>rebus</span> 
     </span>
     <span class='ocr_line' id='line_1_18' title="bbox 238 2592 1253 2689; baseline 0.002 -27"><span class='ocrx_word' id='word_1_114' title='bbox 238 2592 372 2664; x_wconf 92' lang='lat' dir='ltr'>divinis</span> <span class='ocrx_word' id='word_1_115' title='bbox 401 2592 557 2689; x_wconf 83' lang='lat' dir='ltr'>AEschyli</span> <span class='ocrx_word' id='word_1_116' title='bbox 586 2593 820 2665; x_wconf 87' lang='lat' dir='ltr'>hereditatem</span> <span class='ocrx_word' id='word_1_117' title='bbox 850 2614 924 2664; x_wconf 92' lang='lat' dir='ltr'>non</span> <span class='ocrx_word' id='word_1_118' title='bbox 955 2592 1043 2663; x_wconf 90' lang='lat' dir='ltr'>adiit</span> <span class='ocrx_word' id='word_1_119' title='bbox 1068 2593 1253 2685; x_wconf 87' lang='lat' dir='ltr'>crevitque</span> 
     </span>
     <span class='ocr_line' id='line_1_19' title="bbox 232 2714 1250 2812; baseline -0.003 -24"><span class='ocrx_word' id='word_1_120' title='bbox 232 2737 379 2788; x_wconf 87' lang='lat' dir='ltr'>omnem</span> <span class='ocrx_word' id='word_1_121' title='bbox 395 2716 605 2812; x_wconf 87' lang='lat' dir='ltr'>Sophocles,</span> <span class='ocrx_word' id='word_1_122' title='bbox 628 2739 745 2810; x_wconf 92' lang='lat' dir='ltr'>neque</span> <span class='ocrx_word' id='word_1_123' title='bbox 761 2714 969 2812; x_wconf 89' lang='lat' dir='ltr'>imprudens</span> <span class='ocrx_word' id='word_1_124' title='bbox 987 2737 1059 2787; x_wconf 93' lang='lat' dir='ltr'>non</span> <span class='ocrx_word' id='word_1_125' title='bbox 1081 2736 1124 2786; x_wconf 88' lang='lat' dir='ltr'>ea</span> <span class='ocrx_word' id='word_1_126' title='bbox 1140 2714 1250 2786; x_wconf 89' lang='lat' dir='ltr'>liber-</span> 
     </span>
     <span class='ocr_line' id='line_1_20' title="bbox 235 2836 1254 2936; baseline -0.001 -25"><span class='ocrx_word' id='word_1_127' title='bbox 235 2851 323 2931; x_wconf 89' lang='lat' dir='ltr'>tate,</span> <span class='ocrx_word' id='word_1_128' title='bbox 346 2864 426 2935; x_wconf 90' lang='lat' dir='ltr'>quae</span> <span class='ocrx_word' id='word_1_129' title='bbox 446 2842 604 2914; x_wconf 82' lang='lat' dir='ltr'>Eleusini</span> <span class='ocrx_word' id='word_1_130' title='bbox 625 2853 741 2936; x_wconf 88' lang='lat' dir='ltr'>poetae</span> <span class='ocrx_word' id='word_1_131' title='bbox 759 2842 839 2928; x_wconf 87' lang='lat' dir='ltr'>luit,</span> <span class='ocrx_word' id='word_1_132' title='bbox 861 2862 1005 2913; x_wconf 86' lang='lat' dir='ltr'>omnem</span> <span class='ocrx_word' id='word_1_133' title='bbox 1025 2836 1254 2932; x_wconf 82' lang='lat' dir='ltr'>investigavit</span> 
     </span>
     <span class='ocr_line' id='line_1_21' title="bbox 237 2962 1251 3061; baseline -0.004 -22"><span class='ocrx_word' id='word_1_134' title='bbox 237 2968 466 3061; x_wconf 81' lang='lat' dir='ltr'>excussitque</span> <span class='ocrx_word' id='word_1_135' title='bbox 494 2968 642 3039; x_wconf 91' lang='lat' dir='ltr'>deorum</span> <span class='ocrx_word' id='word_1_136' title='bbox 674 2967 942 3061; x_wconf 87' lang='lat' dir='ltr'>antiquitatem,</span> <span class='ocrx_word' id='word_1_137' title='bbox 974 2987 1110 3057; x_wconf 78' lang='lat' dir='ltr'>genus,</span> <span class='ocrx_word' id='word_1_138' title='bbox 1137 2962 1251 3054; x_wconf 86' lang='lat' dir='ltr'>helle,</span> 
     </span>
     <span class='ocr_line' id='line_1_22' title="bbox 236 3093 1253 3192; baseline 0.001 -26"><span class='ocrx_word' id='word_1_139' title='bbox 236 3095 398 3191; x_wconf 85' lang='lat' dir='ltr'>imperia.</span> <span class='ocrx_word' id='word_1_140' title='bbox 429 3099 579 3170; x_wconf 82' lang='lat' dir='ltr'>Siccerus</span> <span class='ocrx_word' id='word_1_141' title='bbox 600 3097 750 3192; x_wconf 90' lang='lat' dir='ltr'>quidem</span> <span class='ocrx_word' id='word_1_142' title='bbox 779 3095 846 3167; x_wconf 88' lang='lat' dir='ltr'>luit</span> <span class='ocrx_word' id='word_1_143' title='bbox 875 3095 1007 3167; x_wconf 61' lang='lat' dir='ltr'>morum</span> <span class='ocrx_word' id='word_1_144' title='bbox 1035 3096 1157 3184; x_wconf 83' lang='lat' dir='ltr'>cultor,</span> <span class='ocrx_word' id='word_1_145' title='bbox 1187 3093 1253 3167; x_wconf 88' lang='lat' dir='ltr'>sed</span> 
     </span>
     <span class='ocr_line' id='line_1_23' title="bbox 240 3223 1252 3318; baseline 0 -22"><span class='ocrx_word' id='word_1_146' title='bbox 240 3226 351 3318; x_wconf 82' lang='lat' dir='ltr'>magis</span> <span class='ocrx_word' id='word_1_147' title='bbox 365 3226 472 3297; x_wconf 88' lang='lat' dir='ltr'>etiam</span> <span class='ocrx_word' id='word_1_148' title='bbox 494 3239 611 3299; x_wconf 82' lang='lat' dir='ltr'>cautus</span> <span class='ocrx_word' id='word_1_149' title='bbox 634 3250 673 3298; x_wconf 87' lang='lat' dir='ltr'>oc</span> <span class='ocrx_word' id='word_1_150' title='bbox 694 3226 903 3298; x_wconf 82' lang='lat' dir='ltr'>uerecuudur.</span> <span class='ocrx_word' id='word_1_151' title='bbox 925 3225 998 3297; x_wconf 90' lang='lat' dir='ltr'>Sub</span> <span class='ocrx_word' id='word_1_152' title='bbox 1021 3225 1110 3297; x_wconf 86' lang='lat' dir='ltr'>Jove</span> <span class='ocrx_word' id='word_1_153' title='bbox 1136 3234 1176 3295; x_wconf 91' lang='lat' dir='ltr'>ut</span> <span class='ocrx_word' id='word_1_154' title='bbox 1204 3223 1252 3296; x_wconf 86' lang='lat' dir='ltr'>ita</span> 
     </span>
     <span class='ocr_line' id='line_1_24' title="bbox 234 3348 1253 3447; baseline -0.002 -24"><span class='ocrx_word' id='word_1_155' title='bbox 234 3352 355 3424; x_wconf 87' lang='lat' dir='ltr'>dicam</span> <span class='ocrx_word' id='word_1_156' title='bbox 371 3365 488 3442; x_wconf 89' lang='lat' dir='ltr'>natus,</span> <span class='ocrx_word' id='word_1_157' title='bbox 500 3354 563 3425; x_wconf 82' lang='lat' dir='ltr'>vix</span> <span class='ocrx_word' id='word_1_158' title='bbox 574 3353 712 3447; x_wconf 92' lang='lat' dir='ltr'>aliquid</span> <span class='ocrx_word' id='word_1_159' title='bbox 726 3353 771 3424; x_wconf 94' lang='lat' dir='ltr'>de</span> <span class='ocrx_word' id='word_1_160' title='bbox 785 3353 937 3423; x_wconf 90' lang='lat' dir='ltr'>Saturno</span> <span class='ocrx_word' id='word_1_161' title='bbox 951 3348 1008 3446; x_wconf 85' lang='lat'>(3)</span> <span class='ocrx_word' id='word_1_162' title='bbox 1022 3361 1058 3422; x_wconf 88' lang='lat' dir='ltr'>et</span> <span class='ocrx_word' id='word_1_163' title='bbox 1076 3350 1175 3446; x_wconf 92' lang='lat' dir='ltr'>prole</span> <span class='ocrx_word' id='word_1_164' title='bbox 1192 3348 1253 3421; x_wconf 86' lang='lat' dir='ltr'>illa</span> 
     </span>
     <span class='ocr_line' id='line_1_25' title="bbox 234 3476 1255 3574; baseline -0.005 -24"><span class='ocrx_word' id='word_1_165' title='bbox 234 3476 1255 3574; x_wconf 79' lang='lat' dir='ltr'>antiquaestrecordatus.Tetrumaspectumhorrendum·</span> 
     </span>
     <span class='ocr_line' id='line_1_26' title="bbox 235 3601 1251 3698; baseline -0.006 -23"><span class='ocrx_word' id='word_1_166' title='bbox 235 3625 310 3696; x_wconf 88' lang='lat' dir='ltr'>quo</span> <span class='ocrx_word' id='word_1_167' title='bbox 326 3603 514 3677; x_wconf 90' lang='lat' dir='ltr'>rhombum</span> <span class='ocrx_word' id='word_1_168' title='bbox 526 3604 622 3698; x_wconf 90' lang='lat' dir='ltr'>apud</span> <span class='ocrx_word' id='word_1_169' title='bbox 637 3626 717 3675; x_wconf 90' lang='lat' dir='ltr'>eum</span> <span class='ocrx_word' id='word_1_170' title='bbox 731 3604 938 3695; x_wconf 86' lang='lat' dir='ltr'>abjecerunt</span> <span class='ocrx_word' id='word_1_171' title='bbox 952 3601 1067 3673; x_wconf 82' lang='lat' dir='ltr'>Furiae</span> <span class='ocrx_word' id='word_1_172' title='bbox 1078 3601 1251 3692; x_wconf 89' lang='lat' dir='ltr'>abestque</span> 
     </span>
    </p>
   </div>
   <div class='ocr_carea' id='block_1_3' title="bbox 276 3816 1257 4104">
    <p class='ocr_par' dir='ltr' id='par_1_3' title="bbox 276 3816 1257 4104">
     <span class='ocr_line' id='line_1_27' title="bbox 277 3816 687 3907; baseline 0 -19"><span class='ocrx_word' id='word_1_173' title='bbox 277 3816 687 3907; x_wconf 55' lang='lat' dir='ltr'>mmfflnmm</span> 
     </span>
     <span class='ocr_line' id='line_1_28' title="bbox 277 3931 969 4005; baseline -0.004 -15"><span class='ocrx_word' id='word_1_174' title='bbox 277 3935 313 4003; x_wconf 68' lang='lat'>(2)</span> <span class='ocrx_word' id='word_1_175' title='bbox 329 3933 448 4005; x_wconf 83' lang='lat' dir='ltr'>Jacobs,</span> <span class='ocrx_word' id='word_1_176' title='bbox 470 3936 619 3991; x_wconf 82' lang='lat' dir='ltr'>Vermischc</span> <span class='ocrx_word' id='word_1_177' title='bbox 633 3933 783 4002; x_wconf 72' lang='lat' dir='ltr'>Schriften,</span> <span class='ocrx_word' id='word_1_178' title='bbox 800 3931 862 3997; x_wconf 91' lang='grc' dir='ltr'><strong>ΙΙΙ,</strong></span> <span class='ocrx_word' id='word_1_179' title='bbox 877 3948 905 4003; x_wconf 89' lang='lat' dir='ltr'>p.</span> <span class='ocrx_word' id='word_1_180' title='bbox 924 3931 969 3987; x_wconf 73' lang='lat'>¹10.</span> 
     </span>
     <span class='ocr_line' id='line_1_29' title="bbox 276 4027 1257 4104; baseline -0.005 -15"><span class='ocrx_word' id='word_1_181' title='bbox 276 4031 310 4104; x_wconf 69' lang='lat'>13)</span> <span class='ocrx_word' id='word_1_182' title='bbox 329 4031 406 4089; x_wconf 82' lang='lat' dir='ltr'>Eum</span> <span class='ocrx_word' id='word_1_183' title='bbox 424 4040 521 4090; x_wconf 88' lang='lat' dir='ltr'>tamen</span> <span class='ocrx_word' id='word_1_184' title='bbox 540 4035 616 4091; x_wconf 84' lang='lat' dir='ltr'>inter</span> <span class='ocrx_word' id='word_1_185' title='bbox 633 4032 822 4088; x_wconf 85' lang='lat' dir='ltr'>barbarorum</span> <span class='ocrx_word' id='word_1_186' title='bbox 843 4029 914 4085; x_wconf 88' lang='lat' dir='ltr'>deos</span> <span class='ocrx_word' id='word_1_187' title='bbox 932 4031 1018 4101; x_wconf 88' lang='lat' dir='ltr'>qnasi</span> <span class='ocrx_word' id='word_1_188' title='bbox 1036 4029 1193 4102; x_wconf 83' lang='lat' dir='ltr'>relegavit,</span> <span class='ocrx_word' id='word_1_189' title='bbox 1209 4027 1257 4101; x_wconf 78' lang='lat' dir='ltr'>fg.</span> 
     </span>
    </p>
   </div>
   <div class='ocr_carea' id='block_1_4' title="bbox 237 4127 1054 4215">
    <p class='ocr_par' dir='ltr' id='par_1_4' title="bbox 237 4127 1054 4215">
     <span class='ocr_line' id='line_1_30' title="bbox 237 4127 1054 4215; baseline -0.002 -28"><span class='ocrx_word' id='word_1_190' title='bbox 237 4133 384 4198; x_wconf 65' lang='lat' dir='ltr'>Androm„</span> <span class='ocrx_word' id='word_1_191' title='bbox 401 4133 464 4190; x_wconf 77' lang='lat'><strong>457.</strong></span> <span class='ocrx_word' id='word_1_192' title='bbox 480 4132 523 4192; x_wconf 84' lang='lat' dir='ltr'>Ol.</span> <span class='ocrx_word' id='word_1_193' title='bbox 539 4132 656 4198; x_wconf 83' lang='lat' dir='ltr'>Petere,</span> <span class='ocrx_word' id='word_1_194' title='bbox 676 4132 764 4193; x_wconf 73' lang='lat' dir='ltr'>Theoi.</span> <span class='ocrx_word' id='word_1_195' title='bbox 780 4131 874 4204; x_wconf 68' lang='lat' dir='ltr'>Soph„</span> <span class='ocrx_word' id='word_1_196' title='bbox 889 4145 948 4196; x_wconf 83' lang='lat' dir='ltr'>xu,</span> <span class='ocrx_word' id='word_1_197' title='bbox 963 4146 993 4202; x_wconf 84' lang='lat' dir='ltr'>p.</span> <span class='ocrx_word' id='word_1_198' title='bbox 1009 4127 1054 4215; x_wconf 69' lang='grc'>39.</span> 
     </span>
    </p>
   </div>
   <div class='ocr_carea' id='block_1_5' title="bbox 0 0 1555 4970">
    <p class='ocr_par' dir='ltr' id='par_1_5' title="bbox 0 0 1555 4970">
     <span class='ocr_line' id='line_1_31' title="bbox 0 0 1555 4970; baseline 0 0"><span class='ocrx_word' id='word_1_199' title='bbox 0 0 1555 4970; x_wconf 95' lang='lat' dir='ltr'> </span> 
     </span>
    </p>
   </div>
  </div>
 </body>
</html>
