3094 4970
716 441 877 505 ...66-

190 562 194 578 ’
292 582 394 671 ratio,
420 584 516 676 quod
542 583 655 674 majus
677 581 844 671 initium?
864 621 910 634 -
931 581 982 653 De
1000 583 1114 654 torma
1139 583 1308 656 oraculo=

291 729 369 778 rum
400 717 435 779 et
465 706 556 778 laxis
586 707 791 798 angustiare
826 705 950 777 vinulis
985 707 1115 799 quibus
1146 707 1304 780 hominis

290 832 488 926 impediunt
501 832 712 920 libertatem,
724 841 827 903 antea
840 827 1304 927 dixi(p.ttt-t3)etsoph0-

291 962 336 1032 oli
355 961 557 1056 AEsehylum
585 961 802 1054 comparavi.
828 959 915 1044 Quae
937 982 994 1031 res
1014 960 1072 1031 bie
1091 972 1186 1033 esset
1204 984 1306 1055 repe·

292 1089 399 1158 tenda
418 1099 454 1158 et
469 1087 572 1158 latius
586 1086 812 1189 disputanda,
834 1087 983 1178 nipoeta
1002 1086 1080 1157 sine
1100 1087 1209 1158 dubio
1225 1107 1305 1158 eam

292 1235 363 1285 non
386 1213 473 1284 tanti
494 1213 668 1302 duxisset,
691 1221 726 1283 et
743 1213 778 1282 in
798 1212 879 1282 talia
899 1212 1116 1284 inveniendo
1134 1214 1191 1284 vel
1210 1235 1311 1285 eom·

292 1338 458 1433 ponendo
476 1338 587 1411 multo
607 1337 718 1430 magis
735 1337 801 1407 arti
817 1357 892 1409 suae
910 1347 946 1407 et-
961 1337 1159 1408 fabularum
1171 1337 1306 1410 actioni

293 1484 399 1555 quam
420 1462 481 1532 ulli
499 1462 686 1535 servandae
702 1463 871 1534 doetrinae
890 1462 1141 1534 consuluisset.

341 1587 561 1658 Divinationis
584 1588 668 1659 item
688 1587 932 1659 auctoritatem
955 1609 1026 1659 non
1047 1589 1168 1680 negari
1189 1596 1313 1682 potest.

293 1712 352 1784 bio
365 1713 483 1806 speeie
502 1713 657 1801 servari,
684 1735 722 1783 re
742 1734 828 1784 vero
848 1713 1037 1782 maximam
1057 1724 1193 1806 partem
1209 1733 1309 1784 erer-

294 1859 369 1909 sam
387 1859 465 1909 esse
483 1835 552 1932 (l).
581 1837 653 1909 Etsi
682 1838 830 1909 loeastae
858 1859 928 1909 non
952 1838 1130 1909 oredimus
1150 1838 1265 1908 lutura
1285 1857 1309 1908 a

293 1961 353 2033 Dis
377 1962 564 2055 cognosci,
594 1962 799 2035 mortalibus
834 1961 999 2034 omnibus
1031 1961 1186 2055 ignorari
1217 1960 1305 2059 (OE.

294 2088 354 2173 R„
381 2085 453 2155 709
484 2096 519 2158 et
550 2086 624 2182 s),
651 2097 767 2158 tamen
790 2087 1021 2158 divinationis
1046 2109 1118 2159 non
1145 2086 1309 2159 eamdem

296 2233 377 2304 quae
391 2212 457 2282 fuit
473 2212 508 2282 in
530 2213 706 2305 prioribus
726 2212 950 2304 agnoscimus
968 2225 1149 2302 naturam3
1174 2213 1238 2285 sed
1262 2234 1311 2284 ex

296 2336 435 2408 duabus
462 2336 621 2431 partibus
648 2357 736 2429 quas
773 2337 808 2407 in
835 2358 876 2408 ea
903 2336 985 2407 olim
1010 2338 1205 2425 videbant,
1237 2357 1310 2407 una

295 2469 432 2529 tantum
451 2482 556 2553 quam
572 2459 797 2565 artificiosam
814 2461 997 2551 dicebant,
1019 2471 1172 2550 tenetur,
1198 2463 1310 2533 altera

297 2586 465 2656 naturalis
485 2587 629 2658 omnino
650 2586 797 2658 tollitur.
822 2588 933 2659 Furor
957 2587 1064 2657 animi
1089 2609 1130 2658 ao
1154 2587 1312 2680 prudens

239 2785 243 2791 ,
295 2711 354 2781 illa
383 2733 499 2783 rerum
530 2713 688 2807 insanin,
717 2714 871 2806 denique
897 2713 1073 2806 quidquid
1103 2713 1181 2784 sine
1206 2713 1311 2805 signo

298 2838 406 2909 menti
426 2838 680 2908 immittebatur
700 2837 892 2927 divinitus,
917 2838 975 2908 hio
997 2837 1238 2926 desideratur3
1258 2848 1311 2907 ta·
1433 2845 1440 2858 ’

297 2972 353 3033 oei
372 2983 411 3033 os
434 2961 522 3031 illud
539 2961 672 3057 (στόμα,
695 2963 736 3032 V.
756 2962 827 3033 OE.
853 2966 911 3051 R„
941 2960 1023 3037 426.
1046 2963 1119 3034 ΟΕ.
1146 2964 1200 3057 O„
1223 2961 1313 3032 603.

298 3088 396 3176 Ant,
416 3085 504 3182 997)
522 3087 618 3179 quod
637 3107 728 3177 nnus
749 3088 836 3158 deus
854 3088 1036 3181 aperiebat
1054 3087 1311 3174 claudebatve3

299 3231 364 3281 neo
382 3211 455 3301 jam
481 3211 607 3282 ardent
633 3212 704 3283 illae
730 3213 824 3284 laces
856 3213 985 3306 quibus
1012 3213 1207 3284 orationem
1236 3231 1312 3282 non

298 3323 559 3430 poterat'vates
586 3359 656 3409 non
673 3339 894 3428 incendere3
920 3339 1044 3410 divino
1072 3338 1217 3409 numine
1250 3335 1311 3406 hio

299 3459 438 3532 afflatur
469 3483 539 3533 uon
568 3471 686 3549 vates,
717 3463 780 3533 sed
808 3462 964 3556 OEdipns
995 3461 1167 3534 Coloneus
1199 3481 1311 3553 quum

299 3585 451 3680 sepulcri
471 3587 585 3660 looum
604 3586 794 3678 investigat
808 3582 842 3681 (l
852 3585 922 3656 tos
937 3608 986 3677 s.,
1003 3586 1111 3676 l5ll,
1136 3582 1230 3655 lblb
1242 3581 1307 3678 s.).

299 3711 353 3782 Fit
369 3712 541 3784 divinatio
560 3735 614 3782 ors
633 3734 775 3806 prorsus
795 3714 940 3783 bumana
958 3713 1058 3803 eujus
1072 3711 1253 3783 certisunt
1272 3708 1313 3779 fi·

301 3857 378 3926 nes,
392 3847 488 3909 certa
501 3838 662 3933 materia,
675 3837 808 3908 seilicet
818 3838 938 3908 avium
949 3837 1090 3909 volatus
1102 3836 1312 3927 alarumque

341 4118 374 4186 tlt
393 4116 499 4174 Contra
514 4116 640 4184 Hauser,
656 4119 693 4173 Dr
704 4132 783 4172 num.
799 4118 856 4174 div.
872 4133 919 4188 up.
934 4117 1028 4187 Sapit..
1043 4133 1074 4190 p.
1091 4116 1136 4173 33.
