3094 4970
713 482 921 580 --42-¹

286 660 372 755 quid
407 656 573 753 praedixit
611 666 709 728 vates
747 656 825 727 siva
856 656 953 728 lovis
989 658 1179 752 prudentia
1218 663 1296 735 sive

284 786 358 857 fato
391 782 531 868 evenit,
563 792 599 852 et
636 781 751 853 occisa
790 780 907 875 aquila
944 784 1046 875 cujus
1075 795 1178 879 pastu
1208 787 1296 860 dila·

285 905 468 998 inlabatur,
495 906 629 977 catenis
656 905 736 993 ille,
764 927 834 978 non
860 906 1074 981 adversante
1101 911 1209 1002 Jove,
1237 934 1296 985 so-

287 1039 382 1110 lutus
406 1048 480 1124 est,
504 1058 572 1108 non
611 1035 758 1106 dubium
787 1035 873 1128 quin
903 1038 1000 1130 quod
1035 1038 1168 1111 tamdiu
1200 1041 1294 1112 oela-

283 1164 357 1249 vit‚
379 1161 491 1232 libere
511 1159 675 1249 tandem,
698 1160 883 1249 retexerit,
906 1161 1001 1233 unde
1020 1163 1118 1236 Iovis
1145 1187 1293 1258 regnum

281 1289 318 1358 in
345 1298 517 1358 aeternum
546 1284 783 1374 stabiliretur,
807 1285 897 1354 male
916 1295 1008 1357 sarta
1025 1300 1129 1359 antea
1150 1290 1290 1384 utrique

280 1414 348 1485 deo
373 1410 486 1504 gratia
511 1407 798 1505 firmius-coiret,
821 1409 1067 1482 restitueretur
1090 1423 1126 1484 et
1143 1415 1179 1484 iu
1198 1415 1307 1487 coelo·

277 1549 313 1611 et
333 1539 367 1607 in
397 1548 470 1608 toto
493 1535 580 1607 orbe
603 1537 669 1614 Διὸς
696 1534 836 1629 ἁρμονία.
865 1534 927 1606 Hio
947 1556 1034 1607 sane
1056 1537 1121 1608 luit
1140 1537 1289 1631 trilogiae

276 1662 357 1735 linis
395 1661 496 1733 initio
531 1659 840 1746 accommodatus,
878 1660 1008 1754 deique
1047 1664 1287 1738 reconciliatio

274 1789 401 1861 crebro
420 1786 530 1858 funali
552 1784 734 1878 sacrisque
761 1788 939 1880 Προμηθέως
964 1790 1114 1884 πυρφόρου
1129 1789 1286 1861 celebra-

274 1915 393 1985 batur.
486 1912 494 1925 '

320 2036 412 2122 Quid
432 2036 544 2131 possit
558 2036 650 2106 inter
665 2034 829 2107 homines
849 2035 916 2105 diri
933 2037 1066 2107 oraculi
1084 2049 1198 2110 metus
1213 2040 1283 2112 rei·

270 2188 340 2260 que
364 2165 495 2256 ignotae
523 2161 712 2255 explicatio
741 2161 776 2230 in
804 2160 978 2255 Sophocle
1003 2164 1191 2253 dooemnr3
1225 2165 1283 2237 hio

268 2291 360 2362 inter
380 2290 465 2360 deos
486 2286 726 2380 (nequeenim
747 2285 932 2380 AEsohylus
952 2287 1109 2359 divinam
1126 2291 1282 2385 expallet

267 2411 467 2508 historiam)
485 2412 608 2482 eadem
627 2408 771 2502 fingitur
791 2421 825 2480 et
845 2411 1030 2484 discordiae
1055 2425 1090 2484 et
1117 2415 1279 2489 dolorum

266 2562 390 2629 causa3
409 2536 746 2630 sedsuboluservata
766 2538 877 2609 forma
891 2539 1035 2631 quidem
1053 2539 1281 2639 OEdiposim·

264 2664 408 2758 plicior,
422 2663 540 2741 rebus
560 2662 689 2753 major,
715 2662 875 2755 personis
898 2663 1060 2754 gravior,
1079 2666 1202 2736 mundi
1223 2689 1277 2739 re·

263 2811 413 2882 rumque
431 2788 589 2861 omnium
604 2809 713 2880 quum
730 2785 963 2858 humanarum
983 2797 1057 2860 tum
1072 2790 1275 2863 divinarum

263 2914 421 2984 novitate
430 2911 574 3003 gratior,
589 2910 707 2982 neseio
723 2910 809 3003 quid
819 2912 953 3003 grande
973 2924 1008 2984 et
1020 2914 1130 2984 altum
1143 2915 1277 3010 ubique

260 3037 485 3129 servatquod
506 3035 630 3106 mirum
652 3045 822 3130 quantum
843 3036 998 3109 humana
1015 3039 1121 3110 etiam
1142 3041 1276 3135 ubique

260 3163 500 3234 misericordia
510 3171 736 3255 temperetur.
753 3163 941 3233 Prometheo
952 3164 1274 3257 veroipsiinestsu·

258 3287 413 3358 blimitas
430 3287 507 3358 sine
527 3268 637 3357 dubio
652 3287 731 3381 plus
750 3308 856 3380 quam
873 3286 1047 3376 humana,
1066 3298 1183 3360 tamen
1201 3311 1274 3361 non

258 3412 402 3483 omnino
422 3410 561 3497 divina,
584 3411 731 3480 nimium
751 3411 845 3481 euim
864 3411 1081 3482 commoveri
1105 3411 1270 3502 videtur,

255 3536 319 3606 sed
341 3535 457 3628 potius
486 3544 525 3604 ut
553 3534 600 3604 ita
621 3532 756 3621 dicam,
778 3546 816 3603 ut
842 3535 891 3604 ait
914 3535 990 3628 ipse
1010 3531 1135 3632 (tto),
1160 3565 1271 3632 κεκρα-

256 3664 348 3753 μένη,
371 3658 418 3728 ita
439 3670 477 3779 ut
495 3657 623 3730 ceteris
643 3660 787 3731 vatibus
811 3660 938 3753 partim
957 3662 1164 3753 comparari
1188 3684 1269 3755 pos·

252 3784 312 3871 sit,
339 3783 465 3877 partim
490 3785 535 3854 sit
562 3783 816 3876 segregandus.
845 3785 969 3877 Liquet
996 3786 1041 3856 de
1070 3808 1141 3878 qua
1170 3788 1269 3882 prius

254 3906 369 3978 dicam
391 3905 585 3998 differentia.
618 3907 754 3978 Etenim
788 3906 847 3978 ille
868 3928 938 3979 non
964 3907 1071 3980 homo
1090 3910 1155 3981 sed
1175 3912 1268 3981 inter

252 4029 338 4104 deos
362 4031 449 4101 deus
476 4031 667 4102 inducitur.
694 4031 780 4102 lnde
810 4052 881 4103 non
906 4032 938 4102 ei
967 4053 1077 4124 grave
1104 4047 1143 4105 ut
1175 4036 1266 4106 mul·

250 4161 294 4230 tis
330 4160 553 4246 hominibus,
582 4161 646 4231 sed
676 4161 732 4230 vel
760 4181 840 4230 cum
875 4162 1110 4234 amaritudine
1144 4165 1265 4258 aliqua
