3094 4970
646 469 806 532 ..97-

209 613 343 684 audire
357 612 521 705 juvabat,
542 612 627 705 quid
647 622 796 704 uterque
814 612 870 681 sui
892 612 1016 706 cepitis
1035 633 1140 684 causa
1156 611 1229 684 dic·

219 738 288 808 turi
318 747 457 825 essent;
488 741 580 833 μέγας
604 737 661 832 γὰρ
685 740 765 831 ἀγών
791 733 934 832 (9099).
960 736 1036 808 Huc
1061 738 1228 809 tendebat

217 860 1349 956 mmmmdmmmwfflwmm··

218 999 336 1059 menta
355 996 391 1057 et
416 997 581 1079 tanquam
607 987 740 1081 πάρεργα
762 986 912 1058 aetionis
931 986 1030 1057 velut
1056 988 1150 1081 ipse,
1175 987 1228 1059 sic

218 1132 283 1184 nos
298 1110 532 1203 negligamus.
554 1152 598 1164 -
613 1110 651 1179 ln
668 1110 788 1181 sabula
803 1131 890 1183 vero
907 1112 1008 1201 cujus
1019 1122 1227 1203 argumento

219 1232 352 1305 tollitur
371 1233 486 1305 omnis
502 1232 733 1304 divinationis
748 1234 854 1320 fame,
872 1231 912 1303 fit
930 1233 1102 1326 insignior
1119 1233 1228 1307 Theo·

219 1379 306 1430 noes
326 1356 513 1452 exceptio,
534 1367 570 1429 et
586 1369 708 1429 uotetu
728 1357 835 1449 digna
860 1379 903 1429 ea
921 1368 975 1429 est
999 1359 1133 1452 opinio,
1157 1377 1227 1452 qua
1280 1380 1284 1385 ·

213 1504 335 1553 rerum
356 1481 556 1552 divinarum
574 1481 772 1575 prudentiae
782 1483 919 1574 justitia
937 1483 1227 1574 conjunctissime

215 1606 381 1696 habetur,
410 1618 446 1678 et
479 1617 596 1678 vatem
628 1628 732 1700 posse
764 1607 960 1700 denegatur
985 1608 1224 1703 omniascire,

216 1733 384 1803 virtutem
415 1733 579 1824 ignorare
604 1732 728 1824 (leid,
751 1731 821 1801 9i9
848 1747 884 1805 et
908 1731 968 1827 s).
998 1732 1128 1804 Tamen
1150 1733 1227 1826 plu·
1278 1744 1282 1749 ⁴

215 1857 344 1927 rimunr
369 1857 536 1951 ponderis
561 1856 700 1958 habent
717 1857 812 1928 illius
843 1879 1031 1951 responsa,
1061 1879 1130 1930 non
1155 1869 1227 1928 tam

214 1982 300 2075 quia
335 2003 419 2054 vere
456 1994 557 2070 suut,
593 2003 698 2076 quam
739 1982 822 2076 quia
863 1983 1058 2076 proecipuus
1102 2000 1227 2075 persc-

216 2128 301 2197 nas,
335 2107 364 2177 si
392 2108 619 2201 aperiuntur,
645 2107 723 2179 sine
749 2107 858 2180 dubio
886 2109 1034 2202 perdere
1058 2118 1224 2202 possunt,

214 2245 253 2304 et
283 2230 319 2301 id
358 2230 601 2327 potissimum,
645 2232 741 2325 quod
786 2253 858 2302 non
900 2230 1130 2303 divinationis
1171 2241 1227 2300 est

214 2355 281 2427 sed
308 2352 480 2443 actionis,
502 2366 742 2451 exspectatur,
770 2357 1003 2450 eloquaturne
1030 2355 1091 2425 illa
1113 2374 1157 2424 an
1181 2352 1228 2424 si·

214 2480 299 2554 leat.

265 2607 303 2677 ln
323 2604 502 2677 Phoenissis
527 2605 708 2677 inducitur
728 2608 888 2695 Tiresias,
917 2619 956 2677 ot
973 2606 1020 2678 sit
1039 2626 1145 2677 causa
1164 2626 1227 2674 cur

211 2735 416 2808 Menoeceus
430 2718 470 2806 se
487 2736 679 2808 devoveat.
691 2735 727 2806 Si
739 2738 784 2807 ad
800 2748 917 2809 vatem
933 2738 1047 2830 ipsum
1065 2733 1224 2827 respicis,

212 2881 340 2955 parum
360 2869 414 2932 est
434 2861 470 2931 in
487 2883 530 2934 eo
546 2862 778 2951 auctoritatis,
801 2862 944 2933 malitias
963 2859 1150 2933 nonnihil.
1171 2856 1226 2927 Si·

212 2985 361 3057 lentium
381 2985 474 3056 enim
492 2986 588 3079 quod
609 2987 646 3056 in
662 2986 798 3080 OEdipo
818 2999 969 3082 tyranno
989 3007 1111 3060 verum
1131 2982 1228 3053 vide·

214 3113 342 3204 batur,
378 3113 436 3184 hic
470 3116 516 3186 de
549 3115 721 3186 industria
753 3118 985 3210 compositum
1023 3113 1225 3208 suspicaris.

214 3237 320 3310 Tacet
340 3238 417 3328 ille,
449 3239 513 3310 sed
540 3261 580 3311 se
598 3242 695 3334 eupit
720 3240 928 3332 interrogari
953 3238 1030 3336 (i);
1055 3250 1092 3309 et
1117 3257 1227 3331 quum

213 3363 261 3435 ad
275 3364 565 3459 respondendum
579 3386 649 3437 non
665 3366 731 3454 ira,
742 3365 806 3436 sed
822 3366 935 3460 prima
951 3362 1108 3457 quelibet
1124 3380 1227 3454 prece

212 3488 434 3585 adducitur,
463 3490 606 3562 videtur
631 3491 809 3585 proiectu,
833 3492 979 3563 deorum
1004 3490 1114 3560 instar
1137 3505 1226 3580 quos

216 3614 467 3708 interpretatur
483 3610 613 3712 (ost),
632 3614 764 3686 habere
788 3617 864 3710 ipse
888 3619 1023 3710 σόφισμα
1047 3611 1226 3706 quoddam

211 3759 333 3809 suum.
355 3737 458 3810 Saeva
478 3750 594 3811 autem
615 3752 651 3810 et
667 3740 789 3812 odiosa
810 3741 973 3836 imperat,
995 3738 1129 3810 scilicet
1146 3732 1226 3826 ejici

216 3872 312 3933 terra
325 3861 498 3959 OEdipum
515 3878 636 3939 senem
646 3863 753 3954 (isco
769 3877 805 3938 et
820 3864 922 3962 886),
931 3865 1109 3937 Menoecea
1120 3864 1229 3954 juve·

250 4121 288 4195 (1)
310 4121 386 4183 Vide
398 4125 553 4199 praecipue,
570 4141 598 4180 v.
613 4125 677 4195 885,
692 4124 754 4193 899,
771 4124 833 4191 aut,
850 4124 902 4182 899
916 4131 946 4181 et
960 4140 984 4181 s.
