3094 4970
735 539 894 603 ..90-

207 714 211 724 ·
303 681 449 754 humaui
465 699 597 752 corona
618 674 697 772 (Fg.
716 676 856 772 Eurip„
881 679 1056 772 Antiopae,
1082 676 1167 753 tat.
1188 679 1238 751 Cl.
1264 682 1315 774 lg.

301 807 467 892 Archelai,
478 800 550 877 262
561 813 597 875 et
608 802 867 894 Dicaeogenem,
879 801 928 894 lg.
940 798 1151 895 2,Wagner,
1164 826 1199 898 p.
1214 800 1312 900 tlt).

301 935 423 1026 Neque
445 940 612 1005 certano
632 927 810 998 destinata
827 926 988 999 doctriua
1011 926 1099 1000 alios
1125 929 1317 1005 informare

301 1057 498 1130 studuerat.
518 1051 630 1125 Multa
649 1051 848 1147 proposuit,
868 1051 1031 1146 praestitit
1048 1052 1154 1142 nihil;
1175 1075 1316 1148 semper

301 1179 447 1276 quidem
467 1200 507 1250 so
522 1188 557 1249 et
573 1177 663 1249 alios
679 1176 911 1268 interrogavit
920 1229 931 1265 ,
951 1185 987 1247 et
1003 1176 1047 1245 ad
1065 1176 1209 1249 meliora
1223 1200 1314 1273 prae·

300 1305 463 1378 sentibus
483 1301 659 1397 respexit3
680 1322 799 1394 neque
815 1299 882 1370 luit
899 1298 1211 1396 illotemporelons
1222 1303 1315 1375 ullus

301 1431 460 1503 veritatis
473 1429 568 1500 unde
581 1428 701 1521 aliqua
712 1450 783 1500 non
799 1426 973 1517 hauriret,
986 1449 1102 1522 neque
1115 1429 1234 1501 iuvita
1252 1440 1315 1501 aut

300 1557 335 1628 in
346 1556 489 1628 civitate
501 1554 694 1648 quidquam
707 1553 805 1647 quod
818 1575 889 1624 non
900 1565 1117 1626 scrutaretur
1131 1565 1193 1649 aut
1207 1577 1313 1627 excu-

300 1679 479 1769 teret3sed
497 1677 608 1749 multo
625 1677 736 1768 magis
746 1698 864 1747 rerum
883 1677 1019 1749 exstitit
1028 1699 1177 1770 magnus
1191 1680 1313 1774 opina·

300 1814 355 1876 tor
369 1824 475 1895 quam
497 1823 585 1873 vere
606 1800 854 1896 philosophae,
869 1823 995 1901 neque*
1006 1802 1141 1875 ratione
1159 1804 1311 1897 quadam

299 1925 574 2023 discipliuae(l),
586 1927 650 1999 sed
659 1929 830 2003 acerrima
839 1948 933 2000 nova
945 1927 1104 2000 discendi
1120 1929 1313 2025 cupiditate

299 2069 371 2134 tota
390 2056 467 2147 ejus
489 2054 626 2127 indoles
651 2054 864 2126 continetur.
886 2053 944 2125 Sic
966 2053 1053 2126 deos
1073 2056 1261 2150 populares
1276 2068 1312 2128 et

297 2171 473 2252 incusavit
483 2189 518 2250 et
529 2189 661 2250 tutatus
677 2189 744 2268 est,
755 2188 790 2248 et
801 2179 837 2252 iu
850 2190 1000 2271 utraque
1013 2188 1083 2251 tam
1100 2180 1241 2252 diversa
1257 2203 1311 2252 ra·

296 2305 392 2377 tioue
424 2303 635 2396 aequabilem
667 2303 759 2373 inter
785 2314 944 2374 extrema
970 2326 1110 2375 cursum
1137 2316 1306 2399 quantum

297 2429 423 2524 potuit,
436 2428 562 2517 tenuit,
572 2439 679 2521 atque
697 2427 732 2497 in
751 2427 1219 2503 deorumcommendatione
1233 2452 1308 2504 cre·

295 2553 400 2624 drrlus
412 2574 548 2647 parum,
560 2553 596 2624 iu
609 2553 684 2647 ipsa
695 2553 874 2647 impietate
890 2554 1155 2647 quodammodo
1165 2557 1258 2649 pius,
1271 2556 1310 2628 li·-

294 2679 430 2765 hertate
441 2679 650 2767 doctrinam,
660 2678 821 2751 doctrina
837 2679 1124 2774 superstitionem
1136 2682 1306 2753 coercuit.

343 2801 431 2887 Quae
455 2801 486 2872 si
515 2801 671 2873 dilucide
696 2801 928 2896 exposuimus
950 2814 1104 2897 suntque
1126 2815 1307 2900 perspecta

293 2929 399 3016 satis,
420 2948 515 2998 nunc
535 2926 785 2998 brevissimum
806 2940 860 2999 est
878 2949 920 2999 aa
940 2927 1144 3000 facillimum
1167 2930 1306 3027 Euripi·

294 3051 350 3121 dis
369 3050 580 3125 senteutiam
610 3071 749 3122 omnem
777 3051 816 3122 dc
838 3051 1035 3124 diductione
1059 3054 1237 3147 colligere.
1267 3054 1306 3126 ln

294 3197 364 3268 qua
397 3198 467 3246 non
494 3188 532 3246 ut
560 3177 595 3246 iu
622 3177 757 3270 reliqua
786 3177 957 3270 religione
974 3180 1206 3252 occurrebant
1225 3203 1306 3275 quae

295 3299 452 3370 moribus
462 3299 639 3371 interdum
650 3302 828 3391 obessent,
838 3301 1145 3395 prodesseutvero
1154 3306 1303 3399 saepius3

295 3447 447 3518 quorum
482 3427 589 3519 igitur
622 3438 756 3520 partem
790 3429 954 3520 exigere,
976 3443 1111 3523 partem
1139 3453 1224 3503 vero
1251 3454 1307 3504 re·

287 3550 404 3622 tinere
431 3551 631 3645 oportebat.
658 3551 698 3621 ln
727 3552 950 3625 divinatione
970 3554 1170 3649 Euripides,
1198 3578 1307 3628 verus

296 3670 518 3764 Anaxagorae
531 3671 726 3767 discipulus
741 3671 800 3768 (V.
813 3674 1004 3771 Naegelsh.,
1018 3678 1064 3747 N.
1078 3678 1133 3767 T,
1151 3701 1185 3772 p.
1203 3675 1304 3771 429),

333 3899 367 3967 (i)
381 3898 454 3954 Mihi
463 3876 580 3971 quidem
592 3918 688 3958 errare
698 3902 833 3960 videntur
845 3908 875 3960 et
886 3904 1011 3961 Strohlur
1020 3923 1111 3979 quum
1121 3909 1217 3963 omnia
1227 3910 1305 3963 serio

279 4007 310 4052 et
331 4003 457 4069 angusto
472 3998 599 4069 quodam
616 4017 708 4056 seusu
724 4002 887 4057 vel'coutra
901 4020 997 4059 veram
1018 4012 1111 4077 poetae
1130 4007 1305 4062 seutentiam

285 4095 441 4167 rutelligit,
453 4102 482 4152 et
491 4097 642 4153 hochlerus
651 4114 767 4171 quume
780 4099 887 4156 fabulis
901 4099 1065 4174 Euripideis
1079 4109 1187 4160 certam
1201 4120 1309 4175 quam-

299 4209 347 4247 am
357 4192 519 4252 doctrinam
534 4195 639 4251 elicere
650 4201 781 4253 couatur.
795 4196 822 4250 V
833 4196 1023 4271 Bernhardy,
1036 4201 1063 4256 t.
1074 4200 1181 4278 c.,11[‚
1194 4219 1223 4275 p.
1236 4203 1304 4262 tot.
