3056 4976
753 486 914 563 ..10-

325 653 463 706 morum
483 627 616 720 reguiae
631 625 899 699 uooommodare
918 646 960 699 ea
979 626 1138 703 studeret
1150 650 1232 725 quse
1247 632 1335 737 phy„

324 760 433 833 sioam
454 774 571 825 rerum
591 761 753 825 naturum
774 752 1022 845 exprimebant
1036 751 1107 850 (i),
1124 764 1160 827 et
1178 757 1215 831 in
1232 757 1337 839 bruta

319 882 471 967 materia
491 879 673 965 animum,
692 876 728 947 id
746 876 854 948 estin
872 876 968 953 bello
985 899 1108 974 paoem
1126 881 1333 975 inquireret,

320 1009 412 1089 Sene
431 1003 576 1078 omnino
593 1001 849 1079 desiderandus
861 1011 932 1093 est,
947 1003 1045 1074 velut
1056 1004 1196 1081 illarum
1213 1028 1334 1091 rerum

322 1132 524 1219 thesaurus
545 1127 634 1203 iiber
653 1147 759 1219 quem
778 1125 931 1198 Glaucus
950 1126 1197 1222 Rheginensis‚
1213 1132 1336 1209 Demo

306 1256 400 1326 -oriti
423 1253 584 1346 aequutis,
607 1252 652 1323 de
670 1249 825 1344 AEsohyli
844 1261 912 1331 τοῖς
935 1255 1038 1346 μύθοις
1056 1255 1244 1348 scripserat
1261 1254 1332 1356 (2),

320 1377 451 1452 Temen
466 1377 586 1451 neseio
603 1396 649 1448 un
664 1396 736 1448 nou
755 1375 861 1451 vaide
878 1375 981 1471 plura
997 1375 1033 1447 in
1049 1398 1093 1450 eo
1110 1391 1229 1451 essent
1239 1381 1333 1455 divi·

321 1525 446 1575 nurum
465 1522 584 1573 rerum
604 1499 757 1570 auctoris
779 1520 885 1592 quem
904 1498 1056 1593 fingunt,
1075 1524 1181 1597 quam
1198 1507 1333 1603 simpli·

308 1628 371 1700 'eis
390 1627 485 1697 illius
504 1646 609 1720 quem
627 1624 800 1699 habemus
817 1645 1048 1718 ememusque
1064 1639 1191 1721 poetae.

367 1752 436 1823 Sed
468 1750 514 1822 de
549 1749 780 1820 universitate
816 1749 999 1842 religionis
1031 1752 1219 1827 haetenus.
1253 1756 1332 1839 Nou

318 1875 484 1971 equidem
505 1875 541 1949 iu
561 1882 794 1945 monstratum
819 1884 855 1943 et
873 1894 894 1944 u
916 1896 973 1946 me
993 1866 1215 1968 designatum
1235 1877 1288 1973 (p.
1308 1881 1330 1949 5

316 1999 412 2095 ext.)
437 1999 617 2075 offendam
643 1995 859 2090 scopulum3
897 2020 1014 2091 neque
1043 2001 1100 2073 hio
1136 2005 1329 2079 recensebo

316 2123 490 2219 quidquid
512 2123 558 2194 de
577 2123 645 2193 diis
668 2122 790 2194 docuit
808 2122 996 2218 AEsohylus
1011 2149 1021 2212 3
1038 2126 1134 2219 quod
1168 2127 1229 2220 qui
1264 2128 1328 2200 de·

315 2249 450 2321 siderut
472 2247 782 2339 diligentissimum
807 2247 913 2319 adeat
929 2247 1109 2322 Kiuusenii
1132 2273 1237 2347 opus.
1266 2252 1329 2324 Sin
1375 2282 1378 2287 ·

315 2373 414 2445 metit
440 2372 564 2442 harum
587 2393 704 2445 rerum
727 2372 899 2443 rationem
915 2350 960 2445 ‚uc
982 2396 1184 2468 processum
1206 2399 1327 2472 perse·

314 2499 396 2593 qui,
425 2498 594 2592 optimum
626 2498 720 2590 legat
748 2497 900 2571 Iironlrei
934 2498 1218 2573 dissertationem
1254 2500 1323 2599 (3).

313 2624 638 2698 Portesoutemdoos
653 2645 674 2695 a
688 2624 814 2696 ceteris
829 2623 999 2713 eximam,
1021 2637 1058 2698 et
1076 2627 1159 2719 quia
1177 2628 1325 2699 maximi

311 2749 482 2823 momenti
509 2759 594 2819 suut
619 2746 841 2819 definiendus
871 2750 1025 2841 curub03
1051 2771 1208 2842 quaerum
1242 2751 1326 2826 hino

309 2873 463 2967 primum
498 2892 605 2965 quum
637 2871 688 2945 dis
717 2876 752 2942 in
777 2874 964 2966 imperando
994 2884 1209 2967 potestaten,
1240 2877 1323 2948 dein

309 3015 417 3088 quam
451 2992 634 3064 dominibus
665 2998 701 3064 in
732 2994 858 3086 opendo
895 2996 1074 3069 libertatem
1096 2998 1323 3071 constitutum

309 3118 494 3213 AEsohylns
523 3117 715 3211 putaverit.
750 3117 785 3207 ,A
812 3119 1025 3212 posteriore,
1060 3141 1142 3214 queo
1176 3122 1322 3195 brevius

309 3242 441 3336 exponi
460 3251 591 3337 potest,
609 3243 809 3335 quaestione
824 3244 854 3315 si
870 3245 985 3338 placet
1002 3246 1245 3321 exordiemur.

356 3367 486 3440 Crebro
508 3366 545 3439 id
558 3377 766 3462 usurpatum
786 3379 840 3440 est
858 3370 894 3440 in
911 3370 1107 3469 AEsohyteis
1127 3373 1257 3445 inbutis
1273 3376 1320 3445 ir-

307 3489 1320 3584 resonabilidivinuutquehumunucursuvehi‚mentem·

306 3640 376 3712 que
387 3618 542 3692 huminis
555 3619 738 3693 voluntate
749 3619 858 3692 iiberu
875 3622 1062 3714 spoliatum
1076 3645 1116 3694 eo
1130 3629 1319 3698 ummsttote

339 3927 378 3998 (i)
389 3925 541 4000 Nttgetsb„
556 3929 593 3984 De
606 3885 698 4011 solip„
713 3945 744 4001 p.
760 3927 806 3985 ii.

338 4024 377 4097 (2)
393 4022 542 4095 Weloker‚
561 4026 661 4103 Turtopr
680 4028 784 4096 From„
798 4043 828 4100 p.
844 4027 908 4093 485.

334 4123 372 4194 (3]
394 4123 596 4194 Vortteltunpeu
611 4140 642 4180 u.
656 4122 688 4183 d.
700 4139 730 4185 u.
743 4123 819 4180 Vide
832 4123 972 4197 iuditium
