3094 4970
722 457 881 520 ..32-

300 604 480 690 restituto,
502 599 625 694 incipit
648 597 694 670 de
724 607 848 691 poeta,
874 603 1003 668 ucslrae
1029 590 1173 686 quidem
1193 590 1318 662 aetatis

301 730 396 801 haud
414 729 504 801 adeo
523 723 691 813 absimili,
712 743 844 796 novum
861 721 965 793 etiam
978 717 1152 812 judicium
1171 716 1229 788 vel
1245 737 1311 810 po·

300 855 370 926 tius
391 852 577 925 admiratio
604 871 710 922 nova.
735 848 889 918 Primum
925 844 1128 916 videbimus
1154 842 1238 935 quid
1263 841 1318 912 de

301 981 356 1052 dis
378 979 550 1051 sentirent
568 974 746 1069 Euripidis
771 971 945 1066 aequales,
975 979 1095 1064 postea
1120 966 1209 1062 quid
1233 967 1311 1060 ipse

208 1100 217 1111 ’
300 1106 469 1192 senserit,
490 1105 548 1176 vel
579 1101 696 1196 polius
722 1101 758 1170 in
785 1119 874 1193 quas
905 1095 1102 1169 contrarias
1131 1094 1218 1166 vitae
1246 1092 1312 1164 de-

301 1251 407 1303 cursu
424 1227 701 1324 praecipitaverit
718 1224 926 1297 sententias.

351 1354 536 1450 Euripides
555 1353 601 1425 ab
620 1351 785 1446 AEschylo
800 1360 835 1422 et
852 1349 1025 1444 Sophocle
1039 1347 1160 1435 distat,
1173 1345 1204 1418 si
1218 1366 1316 1418 com·

242 1566 248 1573 ⁸
303 1490 404 1577 putes
430 1503 564 1568 annos,
596 1477 657 1549 vix
688 1476 802 1570 spatio
830 1479 955 1571 viginti
988 1499 1183 1569 annorum3
1209 1473 1316 1546 eiad

302 1607 423 1680 varios
440 1605 549 1677 animi
567 1626 694 1677 sensus
711 1605 887 1694 attendas,
900 1615 1034 1675 tautum
1055 1615 1225 1697 quantum
1243 1603 1315 1675 dis·

304 1732 425 1804 tabant
445 1731 551 1803 etiam
579 1732 647 1824 dus
677 1731 819 1824 aequcles
848 1751 869 1801 a
896 1729 1038 1823 proavis
1068 1729 1156 1818 suis,
1191 1729 1229 1801 id
1258 1737 1315 1802 est

304 1879 410 1953 qnam
430 1858 634 1953 plurimum.
661 1833 737 1928 Non
762 1857 856 1927 enim
874 1855 1058 1944 Helenam,
1080 1874 1151 1926 non
1173 1854 1313 1949 Iphige-

305 1983 399 2055 niam
430 1992 633 2077 spectarunt
658 1980 867 2054 Maratbonii
900 1981 987 2069 viri,
1021 2001 1137 2074 neque
1169 1979 1220 2050 illi
1251 1979 1319 2074 qui-

305 2118 411 2180 cautu
431 2129 472 2181 ac
493 2109 580 2180 festa
600 2106 786 2180 saltatione
809 2106 1033 2177 Salaminiam
1062 2105 1202 2177 laudem
1220 2105 1314 2176 cele·

305 2231 510 2325 braverant,
545 2232 609 2305 sed
642 2230 804 2304 homines
832 2230 1049 2303 callidissimi
1086 2230 1220 2323 ingenii
1252 2227 1317 2324 qui

306 2360 426 2434 omnia
459 2358 708 2431 scrutabantur
737 2368 773 2430 at
807 2377 943 2429 samma
980 2357 1150 2429 aviditate
1181 2377 1318 2430 novum:

306 2484 443 2579 aliquid
462 2494 498 2556 et
519 2484 588 2557 sibi
605 2484 803 2556 inauditum
825 2494 861 2555 et
885 2494 1093 2577 exspectare
1119 2495 1155 2555 et
1172 2480 1318 2554 haurire

307 2609 480 2683 solebant.
499 2610 585 2680 Tum
605 2610 839 2704 citoquodam
857 2631 962 2681 cursu
980 2635 998 2675 u
1018 2608 1088 2680 nun
1102 2619 1173 2680 tam
1193 2628 1315 2701 proce·

307 2734 433 2807 dentes
443 2756 547 2829 quam
569 2730 814 2830 evolantes(l)
835 2761 852 2800 n
871 2733 1136 2828 abripiebantur
1154 2742 1190 2805 el
1206 2730 1316 2803 animi

308 2871 344 2931 et
360 2870 453 2931 artes
463 2911 475 2951 ,
498 2881 613 2952 neque
633 2860 704 2930 ulla
721 2859 987 2953 relinquebatur
997 2859 1054 2932 vel
1071 2857 1317 2931 resistentibus

309 3003 419 3056 mora.
442 2984 518 3055 Non
537 2983 664 3054 restitit
683 2985 834 3078 primum
857 2983 1055 3078 Euripides,
1078 2983 1143 3055 sed
1162 2982 1317 3076 aequales

309 3106 436 3203 partim
453 3120 595 3181 secutus
614 3120 680 3199 est,
702 3111 828 3203 partim
857 3111 1018 3181 anteivit.
1041 3110 1129 3180 Hinc
1148 3109 1237 3180 silua
1257 3107 1318 3178 illa

310 3235 461 3309 defluxit
478 3239 746 3327 sententiarum,
765 3251 801 3310 et
816 3239 970 3311 assiduae
991 3240 1256 3326 controversiae,
1282 3247 1320 3309 et

310 3362 504 3434 dialecticae
531 3363 712 3458 captiones
742 3374 777 3449 et
807 3365 918 3436 variae
954 3364 1123 3437 orationis
1164 3363 1316 3452 deliciae,

311 3487 466 3582 denique
489 3488 606 3560 dulcia
631 3488 782 3561 inomni
806 3511 937 3583 genere
963 3489 1064 3574 vitia,
1094 3511 1175 3583 quae
1198 3487 1319 3560 nescio

208 3623 211 3629 ’
311 3633 356 3683 an
378 3614 491 3706 magis
514 3635 576 3685 eos
603 3613 811 3687 delectarint
831 3634 938 3707 quam
961 3613 1063 3686 nobis
1087 3612 1317 3706 displiceant,

311 3741 375 3815 sed
390 3741 542 3813 maxime
559 3742 642 3814 binc
659 3743 828 3835 gliscebat
852 3744 1017 3814 universa
1037 3765 1154 3815 rerum
1181 3742 1321 3815 divina·

312 3889 389 3940 rum
409 3868 606 3940 immutatio
620 3890 701 3963 quae
717 3869 823 3961 hujus
838 3870 1006 3964 temporis
1026 3869 1167 3965 propria
1186 3880 1254 3941 est.

350 4159 387 4227 (l)
403 4156 569 4224 Zambaldi,
585 4159 740 4228 Euripides,
757 4158 850 4231 prima
863 4157 949 4214 linea.
