3094 4970
758 510 918 572 -55..

327 646 426 718 vitiis
441 658 590 732 careret,
604 668 685 740 quae
699 647 736 718 in
753 648 924 720 imitando
940 659 1061 743 postea
1077 649 1138 720 vix
1153 651 1352 743 quisquam
1425 728 1434 736 ,

329 770 467 862 effugit:
492 811 541 824 -
569 770 765 842 Cassandra
792 794 970 843 summurn
997 774 1154 868 corporis
1181 773 1343 845 dolorem

326 906 433 966 cantu
456 896 659 991 (μελοτυπεῒ,
690 894 818 993 1153),
847 895 952 985 fleto,
981 898 1114 988 ejulatu
1143 897 1340 990 significat,-

327 1042 393 1091 neo
413 1016 590 1091 imnmrito
609 1019 735 1092 hostiis
755 1021 800 1091 ad
820 1042 958 1092 saorum
978 1023 1190 1117 supplioium
1210 1021 1348 1120 (tzar)

326 1145 445 1215 tractis
471 1155 705 1239 eomparatur.
732 1146 796 1217 Hie
822 1168 909 1219 vero
936 1149 1029 1218 natta
1055 1150 1229 1219 cantilenae
1252 1149 1348 1219 iltius

324 1273 462 1356 mentio,
493 1290 563 1361 qua
593 1269 697 1341 toties
725 1271 901 1342 columnae
929 1283 1156 1366 rumpentur,
1186 1295 1345 1367 quaeque

327 1403 399 1464 tota
431 1405 486 1465 est
514 1394 559 1464 de
589 1395 717 1466 coloris
748 1395 1014 1486 immutatione,
1044 1398 1143 1470 vocis
1174 1400 1342 1470 trementi

325 1543 434 1613 sono,
456 1544 635 1596 comarum
661 1524 830 1615 horrore,
857 1526 985 1599 ardore
1003 1527 1208 1615 oculorum,
1231 1528 1344 1600 totius

324 1650 481 1741 eorporis
497 1650 701 1741 agitatione.
711 1650 760 1720 Ea
774 1671 860 1722 sane
879 1652 1021 1739 actoris,
1036 1673 1108 1724 non
1128 1663 1245 1747 poetae
1258 1651 1340 1724 oid·

325 1774 379 1845 oia
413 1796 492 1846 esse
521 1775 706 1870 AEsohylus
739 1775 949 1869 judicavit;
986 1776 1050 1847 od·
1065 1781 1220 1848 interiora
1250 1796 1342 1850 vern

322 1901 439 1969 mentis
452 1900 638 1994 spectavit,
655 1922 833 1992 quaerere
848 1901 1035 1971 aestimanti
1052 1923 1094 1972 ao
1113 1923 1159 1973 ne
1174 1902 1337 1973 eredenti

323 2029 466 2122 quidem
493 2029 574 2099 talia
598 2031 676 2124 plus
698 2029 853 2124 profecto
872 2032 1040 2103 momenti
1061 2031 1207 2102 habent.
1230 2031 1337 2103 Mira-

321 2155 418 2226 beris
436 2176 522 2226 sane
544 2155 723 2248 quomodo
745 2154 854 2226 aestus
879 2156 938 2227 iile
955 2153 1062 2252 (1181
1088 2154 1139 2253 s.)
1163 2158 1337 2228 obscurus

320 2282 473 2376 primum
499 2292 535 2352 et
556 2292 639 2352 ante
658 2291 900 2374 tempestatem
925 2282 1050 2352 tacitus
1071 2283 1189 2354 subito
1209 2303 1331 2352 erum·

321 2416 400 2499 pat,
420 2406 544 2476 crebro
563 2404 692 2475 deinde
711 2403 820 2476 fluctu
840 2405 1068 2494 intumescat,
1091 2427 1175 2478 mox
1199 2407 1235 2475 in
1262 2405 1339 2475 lar·

321 2528 438 2620 giores
457 2550 622 2600 numeros
645 2526 804 2617 diffluat,
826 2529 939 2600 donee
962 2530 999 2598 in
1018 2531 1137 2600 omnia
1163 2530 1340 2624 temporis

321 2653 434 2746 spatia
461 2652 531 2722 iate
549 2652 711 2727 inundet.
736 2650 812 2722 Non
839 2652 941 2722 aliter
959 2650 1154 2723 Cassandra
1181 2653 1337 2746 primum

321 2778 470 2866 avertit,
508 2789 543 2847 et
577 2798 686 2869 quum
727 2777 850 2848 videre
885 2788 1001 2872 potest
1037 2779 1225 2866 connivet,
1262 2778 1340 2848 imo

320 2903 378 2974 vel
397 2922 505 2995 quum
525 2902 602 2972 visa
623 2900 721 2971 velut
744 2901 856 2992 digito
875 2912 1047 2973 monstrat
1061 2899 1194 2998 (⁴095,
1217 2919 1335 2998 ’μαρτυ-

321 3032 411 3126 ρίοισι
447 3025 574 3119 τοῖσδε,
616 3068 660 3081 -
699 3026 816 3119 1111,
842 3031 876 3099 τί
906 3025 980 3100 τάδε
1024 3030 1181 3128 φαίνεται)
1223 3030 1337 3101 haeret

321 3166 437 3226 tamen
457 3156 607 3248 siletque
624 3155 750 3243 multa;
769 3175 853 3227 mox
869 3155 931 3225 ubi
950 3156 1017 3226 deo
1034 3156 1173 3248 cogitur
1192 3176 1333 3248 parere,

321 3290 450 3352 rectam
468 3281 540 3373 agit
557 3282 670 3370 viam3
686 3280 847 3351 sublimis
867 3281 982 3351 fertur
994 3302 1056 3353 ore
1071 3283 1231 3372 jamnon
1251 3302 1333 3370 sue,

320 3417 355 3478 et
373 3406 470 3498 large
488 3406 539 3477 sic
553 3406 671 3477 omnia
688 3405 891 3499 pronuntiat
906 3415 946 3475 nt
965 3405 1104 3475 tandem
1118 3403 1338 3476 defluxerint

317 3541 444 3602 cuneta
471 3530 688 3620 velamenta,
710 3539 827 3623 pateat
856 3530 958 3600 deus.
986 3569 1034 3580 -
1055 3528 1335 3600 vaticinationes

318 3657 429 3728 nostri
443 3657 604 3748 judicant
616 3654 780 3728 liberiore
790 3675 831 3725 ac
841 3654 1076 3748 componendi
1087 3674 1219 3746 genere
1230 3674 1336 3746 paene

318 3783 464 3859 omnino
482 3782 599 3854 soluto
618 3780 791 3871 indigere.
824 3779 915 3850 Vide
934 3787 1104 3872 quantum
1125 3777 1337 3848 dissenserit

318 3905 574 3985 audacissimos
612 3905 871 3985 illeveternm
909 3913 1120 3997 poetarum,
1159 3901 1221 3994 qui
1259 3922 1336 3981 non

317 4031 425 4103 modo
441 4030 477 4100 in
501 4041 649 4122 utraque
668 4037 768 4120 parte
788 4028 914 4100 ordine
941 4037 976 4098 et
1002 4026 1102 4098 velut
1126 4026 1214 4098 orbe
1240 4046 1335 4118 quo-

319 4156 399 4228 dam
422 4155 541 4230 omnia
568 4152 775 4246 circumegit
800 4162 835 4224 et
861 4152 926 4222 tria
954 4161 1109 4245 tempora
1132 4150 1268 4223 notavit
1292 4161 1336 4222 ut
