3056 4976
703 527 750 545 -.
770 494 870 558 322...

287 632 391 704 dolor
409 655 480 706 non
494 635 568 726 jam
585 631 708 726 augeri
724 630 835 725 possit
849 652 941 703 nevo
962 642 1005 720 τῷ
1022 643 1134 728 suppa
1150 630 1299 725 praeclu-

284 758 388 828 datur
415 758 514 831 locus
541 755 628 856 (t)‘t
651 754 697 828 Ut
722 753 886 828 Atossam
913 756 1024 827 solam
1051 753 1146 827 lilius
1170 754 1300 827 audire

282 883 472 955 sustinebit
489 882 610 980 (838),
626 883 678 954 sie
693 881 819 953 Darius
835 903 1061 975 unusquam
1079 882 1211 953 lecerat
1227 892 1301 952 ter·

284 1028 415 1100 rorem,
431 1007 491 1078 illa
511 1007 664 1100 quadam
680 1005 868 1078 hilaritatis
879 1006 999 1100 specie
1010 1015 1047 1077 et
1060 1005 1205 1076 amissae
1220 1004 1301 1075 leli-

282 1131 399 1202 oitatis
423 1130 600 1203 desiderio
626 1130 739 1202 lenire
762 1130 890 1225 potuit.
915 1130 1075 1222 Denique
1100 1129 1160 1200 hio
1190 1128 1302 1199 etiam

285 1277 351 1328 rex
370 1256 456 1327 mihi
473 1257 615 1329 videtur
637 1266 677 1327 ut
702 1256 747 1327 de
772 1255 879 1326 rebus
905 1254 1066 1348 imperii,
1089 1253 1141 1324 sio
1165 1253 1211 1324 de
1236 1271 1302 1322 au·

286 1378 457 1453 dientium
482 1393 600 1454 mente
629 1381 756 1453 eallide
779 1380 957 1474 judicare.
992 1378 1304 1465 Quemadmodum

286 1505 376 1578 vidit
392 1508 496 1601 plane
515 1507 724 1579 muliebrem
743 1506 900 1578 animum
916 1502 1055 1577 Atossae
1072 1504 1221 1577 sordido
1241 1525 1304 1597 ap·

288 1644 412 1724 paratu
437 1632 504 1719 lilii
528 1633 683 1705 maxime
710 1632 925 1705 commoveri
949 1629 1052 1727 (832,
1072 1633 1107 1700 σὺ
1127 1624 1208 1700 δὲ...
1229 1631 1305 1700 κόσ-Ι

290 1783 393 1850 pou...
424 1754 575 1828 λαθοῦσα.
604 1755 696 1846 846,
727 1759 865 1853 μάλιστα
885 1751 915 1824 δ’
935 1751 992 1832 ille
1015 1755 1153 1851 συμφορὰ
1178 1749 1307 1840 δάκνει)

289 1881 338 1953 ita
354 1901 457 1952 senes
477 1882 664 1978 intelligit,
684 1881 914 1975 quantumvis
929 1881 1067 1952 sincere
1087 1878 1212 1972 patriae
1230 1876 1308 1949 for·
1355 1854 1360 1866 ¹

291 2013 411 2076 tunam
439 2006 582 2099 lugeant
601 2017 636 2078 et
657 2006 857 2081 tarditatem
875 2007 945 2077 aevi
962 2014 1127 2076 accusent
1147 2003 1184 2072 in
1208 2003 1308 2073 huno

291 2132 423 2202 servati
441 2131 598 2204 dolorem
626 2129 750 2227 (262),
770 2131 958 2224 praesentia
979 2140 1096 2201 tamen
1121 2150 1193 2200 non
1214 2127 1306 2200 tanti

292 2256 416 2329 intimo
441 2258 561 2331 animo
584 2258 715 2330 ducere
744 2278 933 2350 rerumque
958 2265 1125 2328 eventum
1152 2275 1235 2348 quae
1261 2255 1311 2325 ad

294 2401 333 2451 se
353 2380 417 2453 vix
436 2381 626 2475 pertinent.

342 2503 560 2577 Admiranda
580 2507 687 2599 igitur
704 2506 763 2577 illa
778 2505 871 2577 vatis
891 2515 1017 2577 natura
1034 2526 1142 2599 quem
1159 2526 1207 2576 ex
1224 2503 1311 2574 inti-

295 2628 362 2699 mis
383 2640 485 2703 terrae
515 2631 711 2715 visceribus
730 2641 926 2703 extractum
944 2629 1053 2725 (aas,
1074 2641 1130 2728 γῆς
1155 2630 1304 2724 tulupa.

295 2736 366 2828 839
379 2813 389 2846 ,
416 2765 474 2856 ἐγῶ
500 2756 529 2829 δ’
554 2760 662 2856 ἄπειμι
685 2772 740 2857 γῆς
760 2764 820 2829 ὑπὸ
843 2756 934 2855 ζόφον
957 2757 1059 2855 κάτω)
1087 2782 1152 2830 nec
1179 2777 1310 2849 magna

295 2904 361 2953 neo
380 2905 489 2976 parva
508 2884 660 2975 lugiunt,
682 2884 788 2955 deum
812 2885 1030 2955 nominatum
1051 2885 1174 2955 divina
1193 2883 1310 2955 oonsi-

296 3008 346 3078 lio
363 3031 432 3081 non
454 3010 635 3099 celantur3
654 3011 711 3082 vel
729 3032 837 3104 supra
855 3011 1034 3083 hominem
1052 3012 1183 3082 elatum
1201 3008 1311 3079 valde

297 3143 446 3226 tangunt
462 3135 616 3207 humana
632 3137 773 3226 omnia3
790 3136 852 3230 qui
870 3137 1047 3232 praecipue
1063 3147 1177 3230 poetae
1192 3135 1311 3206 honus

297 3258 470 3351 interpres
503 3260 609 3353 longa
636 3260 892 3333 trochaioorum
919 3258 1097 3357 (χορείων)
1127 3260 1220 3332 serie
1254 3259 1311 3329 lu-

299 3391 376 3453 tura
396 3386 637 3458 verecundat
657 3385 777 3457 omnia
796 3385 899 3456 docet
918 3406 1031 3477 eaque
1056 3384 1163 3454 etiam
1184 3404 1266 3476 quae
1290 3403 1312 3454 a

299 3529 338 3578 se
366 3530 436 3579 non
463 3510 773 3603 exspectabantur,
801 3511 872 3582 imo
895 3511 1026 3602 majora
1048 3532 1155 3603 quam
1183 3531 1266 3602 quae
1291 3529 1314 3578 a

300 3633 441 3705 vatibus
461 3637 660 3729 exspectari
680 3636 817 3725 solent3
842 3636 966 3728 grandi
987 3636 1080 3706 enim
1101 3656 1163 3707 ore
1175 3688 1186 3723 ,
1208 3633 1314 3727 eopia

298 3748 430 3829 sensim
450 3760 621 3852 largiore,
649 3761 787 3832 solenni
808 3770 979 3855 apparatu
1003 3782 1121 3854 neque
1145 3759 1225 3831 sine
1247 3758 1314 3828 ali·

298 3904 370 3975 quo
392 3885 610 3957 audientium
634 3896 777 3980 stupore
799 3907 870 3958 non
896 3886 964 3957 lata
990 3896 1125 3957 tautum
1149 3890 1316 3957 omnium

338 4145 375 4214 (l)
391 4143 508 4209 Girard‚
524 4143 676 4204 sentiment
687 4144 833 4212 reltpteuu,
849 4160 879 4216 p.
898 4141 959 4198 480.
