3094 4970
652 486 814 548 ..17-

224 627 294 700 Vix
307 647 416 695 unum
432 635 493 694 auc
506 623 654 693 aiterum
668 623 769 694 istius
786 623 880 694 modi
896 624 1234 724 prodiichorus(i).

224 751 295 824 Vix
311 750 431 845 paucis
450 771 569 855 regem
586 759 706 820 monet
726 770 770 819 ne
789 749 870 821 fuco
895 750 1066 822 orationis
1087 752 1237 824 melitio

225 863 322 947 sisne
336 871 531 946 officiorum
543 873 723 943 blanditiis
741 873 938 966 decipiatur
955 874 1027 945 788
1045 897 1093 962 0.,
1104 875 1173 945 807
1186 899 1234 965 0.,

225 995 291 1095 (Cf.
321 997 427 1087 ⁴550,
449 1000 577 1090 ἀληθείᾳ
594 995 734 1094 φρενῶν).
756 997 848 1068 Nihjl
875 1001 1040 1092 amplius.
1066 1001 1144 1072 Non
1167 1023 1239 1094 quo
1355 1042 1359 1049 ’

227 1122 356 1196 chorus
377 1149 395 1191 u
417 1123 604 1194 commissa
622 1149 640 1190 »
657 1122 715 1194 vei
732 1133 854 1217 operta
873 1148 891 1190 u
911 1136 1030 1217 tegere
1051 1152 1066 1191 n
1083 1125 1239 1215 studeat,

227 1247 292 1320 sed
311 1249 420 1341 qnod,
443 1259 482 1317 ut
497 1270 582 1319 uera
604 1249 776 1337 dicamne,
798 1249 913 1320 minus
933 1249 1117 1322 hominum
1138 1250 1240 1323 dolos

228 1386 327 1447 curat
342 1395 448 1468 quam
465 1375 611 1445 deorum
633 1375 879 1463 severitatem
896 1375 983 1468 quid
999 1376 1241 1467 judicaverint

228 1501 301 1590 iiii,
322 1500 407 1593 quid
425 1509 567 1597 parent,
589 1501 686 1572 omni
712 1502 899 1591 memoria,
930 1503 1094 1575 omnibus
1124 1503 1239 1575 modis

229 1626 373 1719 indagat
409 1649 541 1719 eosque
576 1626 713 1699 inuenit
741 1627 874 1700 Atridis
904 1628 1036 1722 ubique
1066 1629 1236 1701 infensos.

229 1751 445 1824 Recordatur
459 1750 515 1848 (2)
530 1752 559 1823 si
574 1752 659 1844 quid
672 1753 1014 1846 praedixerintantea
1028 1758 1137 1848 τέχναι
1158 1755 1244 1824 Κάλ-

230 1904 343 1969 χαντος
362 1881 416 1945 οὐκ
434 1875 578 1971 ἄκραντοι
596 1873 713 1972 (219),
726 1898 808 1948 mox
821 1877 1032 1948 sacrificium
1053 1879 1245 1972 111011101ιί-

231 2001 347 2093 geniae
365 2001 515 2095 piurima
538 2001 685 2072 dissidia
705 2003 740 2070 in
764 2012 869 2094 gente
891 2004 1086 2096 pariturum
1105 2000 1242 2097 (νεικέων

231 2129 362 2196 τέκτονα
379 2129 531 2221 σύμφυτον
550 2124 654 2223 153);
678 2127 808 2197 nuliam
830 2149 909 2198 esse
928 2127 1004 2198 sine
1023 2127 1242 2199 doloroboni

232 2252 485 2345 experientiam
496 2255 600 2346 (πάθει
608 2255 699 2349 μάθος
710 2253 795 2341 177,
804 2254 854 2324 of.
868 2251 976 2350 250);
989 2263 1073 2346 quot
1083 2253 1245 2346 igiturin·

232 2399 338 2472 super
356 2380 526 2451 malorum
543 2380 706 2451 mercede
725 2381 861 2474 reliqua
879 2381 1097 2452 ediscenda?
1117 2381 1246 2452 frustra

231 2503 279 2574 ad
294 2505 427 2575 Paridis
438 2505 615 2576 interdum
634 2527 773 2599 poenam
791 2517 826 2576 ec
839 2506 1039 2578 Graecorum
1053 2506 1238 2577 victoriam

232 2631 382 2700 vertitur
397 2627 516 2725 (361);
538 2631 655 2701 statim
670 2631 822 2702 occurrit
840 2652 963 2701 eorum
988 2632 1128 2702 fortuna
1153 2652 1243 2724 quos
1309 2666 1311 2670 ·
1405 2705 1409 2713 ,

233 2752 336 2824 vivos
356 2753 450 2823 misit
474 2754 557 2824 illuc
585 2754 716 2847 patria,
742 2775 891 2846 quorum
916 2775 1003 2824 vero
1027 2762 1088 2823 aut
1110 2753 1246 2824 Graecia

148 2870 152 2875 ’
231 2878 1244 2986 ramentpmquoddamcinerismiseredeilendumaccep·

233 2992 499 3100 1011031111),
518 3015 579 3074 aut
594 3004 764 3098 plurimos
777 3005 927 3076 victores
942 2998 1035 3075 victa
1053 3014 1143 3075 terra
1159 3003 1247 3093 tegit

233 3126 336 3222 (155,
364 3129 448 3219 670,
465 3143 585 3201 contra
607 3129 708 3226 568).
726 3132 849 3202 Nonne
866 3131 1065 3201 cavendnm
1086 3152 1131 3199 ne
1151 3128 1248 3221 quod

236 3253 320 3324 vitae
336 3268 442 3348 atque
458 3256 573 3326 exsiiii
594 3256 745 3349 pretium
762 3264 812 3326 101
830 3277 951 3326 manes
971 3256 1016 3325 ab
1034 3255 1154 3347 aliquo
1173 3254 1244 3323 sint

233 3380 441 3471 repetituri?
468 3381 588 3473 ltaque
620 3381 650 3451 si
688 3382 767 3475 quis
798 3403 868 3452 non
905 3381 1059 3450 infausta
1096 3379 1244 3466 referat,

236 3523 317 3573 eum
337 3503 465 3576 chorus
481 3506 605 3576 audire
617 3514 756 3577 recusat
772 3503 859 3602 (175
872 3504 942 3603 s.);
957 3528 1001 3575 ne
1013 3503 1088 3575 suis
1103 3502 1247 3596 quidem

237 3628 349 3699 oculis
368 3628 576 3726 credit(988
587 3630 683 3727 ets.)
693 3633 756 3704 Vei
769 3654 879 3726 quum
889 3631 991 3703 adesi
1003 3629 1248 3722 Agamemnon

276 3942 313 4012 (1)
329 3941 391 4005 ari,
406 3944 439 3992 τὰ
452 3944 573 3995 δ’ἔνθεν...
588 3943 784 3995 οὔτ’ἐννέπω.-
797 3942 860 4000 118,
875 3943 917 3994 καὶ
930 3944 1209 4011 τῶνδ’ὑπερὸατώτερα.
1222 3967 1250 3976 -

236 4026 296 4103 459.
314 4048 381 4111 μένει
395 4049 555 4098 δ’ἀκοῦσαι...
567 4045 723 4111 νυκτηρεφές.
741 4072 770 4081 -
783 4043 841 4103 518,
857 4043 934 4094 πάλαι
947 4043 977 4093 τὸ
989 4046 1093 4104 σιγᾶν..-

278 4136 312 4202 181
336 4137 386 4192 188
400 4142 430 4192 et
445 4152 481 4201 0.,
498 4137 644 4208 praecipue
660 4135 724 4190 152.
