3056 4976
717 482 882 546 -er-
996 430 1003 441 ’

295 634 433 709 nature,
455 629 606 715 nequeo
627 622 774 717 πυρφόρος
791 621 856 699 θεὸς
878 628 917 689 ut
933 616 1078 690 videtur
1101 618 1178 692 ullo
1198 618 1311 692 modo

295 761 396 826 vates
426 751 503 822 luit.
538 748 607 820 Sed
637 768 708 819 non
737 747 843 840 longo
875 757 956 841 post
992 747 1183 821 intervallo
1216 758 1310 819 tem*

295 881 414 977 poris,
439 878 592 951 nominis
615 897 745 964 causa,
772 876 810 947 id
835 876 955 948 valent
982 877 1018 946 in
1038 876 1094 948 his
1111 877 1222 949 rebus
1244 898 1311 950 no·

297 1006 412 1094 mine,
433 1003 551 1076 omnia
579 1001 724 1095 ingenio
747 999 932 1094 complecti
958 1000 1074 1072 dictus
1099 1012 1175 1091 eet,
1203 1013 1241 1073 et
1271 1002 1310 1074 in

296 1130 518 1227 providendo
535 1138 628 1200 totns
648 1128 725 1200 luit.
746 1125 830 1198 liam
856 1136 972 1198 autem
1001 1127 1111 1220 pertis
1131 1127 1309 1219 indolem,

297 1253 466 1348 neglectis
484 1274 554 1324 non
575 1252 695 1346 paucis
709 1272 791 1344 quae
808 1249 935 1323 tradita
954 1260 1055 1322 erant
1071 1251 1313 1347 pluribusque

297 1378 440 1469 additis,
461 1377 645 1473 AEschylns
665 1377 817 1447 maxime
836 1397 920 1447 cura
940 1384 975 1446 et
989 1376 1091 1471 copia
1108 1398 1249 1447 summa
1272 1377 1311 1448 in

297 1508 368 1581 deo
386 1507 572 1602 expressit.
592 1506 695 1576 lllum
715 1526 785 1576 non
803 1504 1023 1577 divinantem
1043 1505 1151 1577 modo
1167 1506 1234 1577 sed
1255 1506 1312 1577 di·

298 1632 490 1705 vinationis
524 1641 631 1725 atque
663 1629 821 1702 omnium
847 1650 928 1722 quae
960 1628 996 1698 in
1027 1649 1069 1701 ea
1099 1629 1315 1702 dividuntur

298 1777 468 1852 generum
487 1757 706 1827 inventorem
725 1755 806 1826 lecit
821 1775 863 1825 ao
881 1754 1102 1846 magistrum,
1121 1751 1191 1823 tet
1207 1762 1245 1826 et
1257 1767 1312 1845 s„

300 1891 339 1952 ut
354 1879 573 1970 hominibuS,
589 1879 641 1951 sio
659 1879 714 1950 dis
730 1889 837 1973 atque
852 1878 920 1973 ipsi
938 1877 1062 1948 mundi
1081 1878 1218 1951 arbitro
1233 1899 1318 1951 auc·

300 2015 412 2077 torem
444 2003 695 2076 necessarium.
730 2043 776 2056 -
795 1986 1010 2074 Promethea
1041 2003 1102 2074 alii
1133 2024 1207 2076 non
1237 2011 1317 2076 erte

299 2132 364 2204 sed
388 2152 473 2204 casu
500 2130 598 2203 Jovis
624 2129 693 2201 iata
719 2129 903 2222 excepisse
922 2138 1206 2200 memoraverunt
1223 2122 1317 2225 (Hy-

299 2258 390 2350 gin,
409 2258 502 2328 Poet.
524 2264 624 2342 ostr„
644 2252 688 2344 ll,
713 2253 757 2323 l5
779 2280 787 2322 :
810 2252 1073 2325 «Prometheus
1092 2242 1318 2326 nonvolunss

300 2389 371 2451 tate
387 2380 452 2451 sed
470 2376 700 2450 necessitudine
719 2376 884 2469 vigilans.
909 2359 925 2440 υ
945 2375 997 2448 cf.
1016 2374 1215 2468 Wecklein,
1234 2380 1317 2450 sto-

301 2497 704 2597 dienzuAErclr.,p.2l);
717 2499 801 2571 vide
810 2516 917 2592 quam
930 2501 1103 2571 nostersit
1113 2500 1315 2575 dissimilis.

301 2626 431 2698 Natura
444 2626 560 2697 omnia
576 2624 754 2718 providet,
773 2645 890 2717 neque
906 2645 986 2694 eum
1006 2633 1179 2717 quantum
1195 2626 1320 2721 Κράτος

301 2752 419 2845 cupiat
436 2748 517 2848 (85)
535 2746 777 2846 ψευδωνύμως...
799 2745 942 2846 δαίμονες
965 2753 1128 2846 ’Προμηθέα
1151 2758 1315 2822 καλοῦσιν.

279 2932 284 2940 .
302 2873 365 2944 Hic
379 2873 547 2944 Themide
563 2894 633 2946 non
650 2873 769 2944 nescio
781 2894 851 2966 qua
862 2872 1027 2968 Clymene
1045 2885 1150 2945 natus
1167 2874 1315 2947 dicitur.

302 2997 487 3091 Nunquam
514 2997 549 3066 in
570 2996 686 3068 tabula
711 3017 782 3068 non
803 2995 849 3068 ad
872 2997 988 3067 lutura
1007 2998 1154 3092 respicit
1171 2994 1257 3094 (98,
1279 3004 1320 3072 τὸ

303 3122 409 3215 παρόν,
433 3123 472 3191 τό
497 3126 527 3191 τ’
554 3123 767 3217 ἐπερχόμενον.
799 3118 882 3210 101,
903 3122 1008 3191 καίτοι
1032 3123 1065 3191 τί
1091 3148 1191 3219 pnpt3
1213 3124 1322 3203 πόσι-οι

302 3241 558 3340 προύξεπίςταριαι
582 3250 707 3340 σκεθρῶς
734 3245 776 3315 τὰ
806 3249 950 3341 peilovr'
976 3241 1046 3316 olle
1075 3276 1127 3344 μοι
1154 3250 1319 3320 ποταίνιον

303 3373 383 3465 τῆρ’
404 3363 488 3438 οὐδὲν
503 3365 603 3465 ἥξει);
624 3369 696 3440 imo
717 3381 882 3462 tanquam
900 3369 1024 3443 eodem
1045 3373 1173 3464 gradu,
1189 3373 1320 3445 eodem

305 3492 382 3564 loco
403 3493 468 3563 sita
495 3493 612 3564 omnia
638 3493 685 3564 ita
713 3493 883 3583 intuetur,
906 3502 944 3563 nt
963 3497 1129 3588 praesenti
1158 3506 1322 3590 tempore

306 3616 457 3689 dicendo
482 3627 599 3690 utatur
621 3618 681 3690 nbi
700 3618 768 3689 alie
792 3640 893 3714 paene
912 3619 1126 3692 videbantur
1152 3636 1321 3695 necessa-

306 3741 359 3812 rie
378 3738 549 3838 (praeseus
568 3764 631 3837 pro
651 3743 854 3837 praeterito3
882 3742 951 3812 too
963 3796 973 3832 ‚
995 3748 1144 3841 θηρῶμαι.
1178 3787 1225 3800 -
1255 3764 1323 3842 pro

307 3864 450 3954 lutur03
470 3865 553 3955 171,
572 3870 779 3938 ἀποσυλᾶται.
795 3865 862 3939 211
880 3919 892 3954 ‚
907 3868 1075 3964 κραίνοιτο.
1093 3858 1189 3960 525¹,
1208 3877 1323 3969 ἐκρυγ·

307 3993 402 4087 pero.
433 3988 525 4080 lot,
548 3991 702 4088 ἀυχαλᾷ).
723 3992 784 4062 Cui
801 3992 868 4062 arti
890 3992 920 4063 si
939 3991 1026 4085 qnid
1045 3994 1082 4064 in
1102 3997 1179 4087 ejus
1198 3996 1324 4069 verbis

259 4098 266 4113 '
309 4135 433 4209 parum
455 4115 645 4204 convenit,
673 4115 900 4188 acerbitatem
923 4115 1031 4187 animi
1068 4118 1184 4212 magis
1207 4141 1320 4214 qnam
