3094 4970
669 439 831 499 ..77-

239 580 325 655 linis
350 579 573 676 pertinaciae,
597 599 679 672 quae
702 578 905 672 cupiditatis
932 599 1035 672 poena
1063 580 1180 651 futura
1205 579 1253 653 sit

236 704 461 801 opperimur.
472 704 564 776 Nihil
582 703 679 775 aliud
700 713 799 776 uates
814 724 921 796 quam
934 724 1015 797 quae
1031 703 1143 775 suasit
1158 702 1252 783 filius

243 829 356 924 patri,
382 829 516 921 majore
542 828 753 903 auctoritate
780 826 897 903 iterat.
918 827 984 899 Per
1009 850 1090 900 eum
1111 828 1156 901 de
1186 828 1251 907 ho·

245 955 340 1029 mine
358 963 463 1026 antea
490 954 665 1049 prudente
694 953 926 1048 experiuntur
950 964 1028 1048 post
1050 954 1160 1029 multa
1183 953 1253 1033 alia

244 1079 314 1155 hoc
330 1080 493 1155 ultimum
516 1077 553 1151 di
569 1074 622 1175 (ll
639 1079 670 1150 si
688 1098 759 1172 qua
776 1078 821 1150 ad
839 1078 1012 1171 justitiam
1034 1077 1155 1151 reduci
1170 1100 1252 1174 pos·

238 1203 301 1275 sit.
321 1202 425 1287 Quod
442 1202 503 1275 ubi
525 1202 653 1274 frustra
673 1200 758 1291 luit,
780 1212 816 1273 et
834 1203 1016 1274 nuntiatur
1033 1214 1068 1276 et
1089 1202 1252 1298 sequitur

243 1348 314 1401 non
334 1347 427 1398 caeca
445 1347 510 1397 nec
526 1325 653 1398 claudo
676 1326 767 1421 peda
786 1348 904 1421 poena.

291 1449 336 1524 Ut
354 1449 473 1524 omnia
487 1472 568 1545 quae
586 1450 662 1522 dixi
681 1450 727 1524 de
743 1451 918 1546 Sophocle
931 1451 1155 1542 concludam,
1174 1461 1251 1522 stu·

238 1576 321 1648 duit
347 1574 538 1646 humanam
565 1575 624 1648 ille
651 1585 812 1649 naturam
838 1575 1031 1670 effingere,
1057 1586 1093 1649 et
1111 1575 1253 1653 intimos

243 1722 472 1797 personarum
492 1701 710 1793 singularum
729 1722 855 1774 sensus
872 1701 1057 1797 persequi,
1079 1722 1196 1795 neque
1215 1699 1253 1772 in

242 1825 301 1896 illa
341 1835 416 1897 arte
456 1826 649 1921 quidquam
693 1827 749 1899 vel
791 1826 949 1920 neglexit
990 1827 1047 1899 vel
1091 1824 1254 1899 tractavit

243 1950 335 2022 male
353 1948 422 2049 (a).
444 1951 704 2023 Divinationem
729 1973 817 2026 uero
844 1952 907 2023 vix
932 1951 1150 2024 tolerabilem
1170 1973 1252 2023 cen·

239 2075 326 2164 suit,
346 2087 381 2149 ct
393 2076 429 2147 in
442 2076 571 2148 labulis
585 2076 659 2149 suis
676 2076 740 2149 vix
756 2076 936 2149 tolcravit.
953 2075 1091 2148 Partem
1105 2075 1252 2169 quidem

240 2201 321 2294 ejus
336 2222 443 2273 unam
459 2255 470 2292 ,
489 2223 559 2296 qua
577 2222 737 2274 summus
754 2200 869 2274 inerat
885 2212 923 2273 et
936 2201 1044 2272 animi
1063 2211 1100 2273 et
1123 2201 1252 2275 oratio·

242 2323 297 2395 nis
321 2324 496 2418 impetus,
528 2325 628 2397 velut
652 2334 852 2420 suspectam
879 2325 1139 2418 dementiaeque
1170 2345 1253 2419 prn-

242 2447 377 2542 piorem
402 2448 547 2521 omnino
571 2449 735 2540 sustulit3
761 2449 906 2521 alteram
935 2448 982 2521 ita
1013 2448 1125 2520 tenuit
1156 2456 1196 2519 ut
1220 2446 1252 2520 si

238 2574 384 2666 vquando
404 2573 489 2645 utile
508 2584 603 2644 esset
614 2628 625 2663 ,
646 2573 691 2645 ad
717 2572 985 2668 exprimendam
1006 2573 1155 2665 alicujus
1175 2595 1252 2668 per·

241 2717 339 2770 sonae
359 2707 520 2769 naturam
543 2707 606 2769 aut
626 2696 779 2769 subitam
802 2697 838 2767 in
862 2696 1001 2769 actione
1020 2697 1250 2770 mutationem

241 2821 552 2897 demonstrandam
579 2822 830 2913 adhiberetur3
858 2822 922 2894 sed
950 2822 1047 2894 nullo
1071 2821 1176 2895 modo
1196 2821 1250 2917 ip-

240 2948 315 3022 sius
338 2950 424 3022 artis
444 2948 633 3043 imaginem
650 2947 805 3042 aliquam
822 2947 890 3019 sihi
910 2947 1112 3042 proposuit,
1134 2967 1251 3041 neque

242 3096 345 3148 varos
373 3085 473 3147 vates
501 3074 670 3147 inducere
700 3074 827 3148 voluit.
853 3071 951 3147 Unus
979 3075 1082 3147 adest
1099 3073 1249 3148 Tiresias

240 3199 305 3272 vix
320 3200 463 3294 quidem
480 3199 517 3271 in
534 3200 699 3296 AEschylo
716 3201 931 3289 nominatus,
953 3200 1011 3272 hic
1029 3199 1150 3273 indole
1166 3220 1251 3293 qua·

235 3322 322 3396 dam
339 3324 499 3416 indutus,
519 3326 584 3397 sed
602 3325 649 3396 ad
671 3325 793 3396 tertias
810 3334 966 3397 remotus
980 3337 1111 3419 partes,
1134 3345 1250 3419 neque

241 3449 313 3523 ullo
342 3451 448 3525 modo
473 3452 668 3547 AEschyleis
693 3452 854 3545 personis
878 3450 1150 3545 comparandus.
1178 3449 1250 3520 Sed

240 3596 311 3647 non
332 3577 419 3648 tanti
444 3586 517 3664 est,
538 3600 647 3671 quum
666 3597 804 3648 summa
824 3576 918 3648 illius
936 3576 1066 3648 veritas
1086 3585 1122 3647 et
1140 3596 1248 3669 praes·

237 3702 349 3773 tantia
368 3701 629 3794 elegantissima
649 3721 879 3796 personarum
899 3700 1159 3794 descriptione,
1176 3710 1249 3771 sta-

280 4014 312 4083 ll)
328 4011 389 4070 Ott.
404 4012 518 4080 Muller,
532 4014 563 4069 in
582 4013 652 4070 Vera.
663 4011 747 4079 dall„
762 4010 801 4080 11,
816 4029 845 4086 p.
863 4011 927 4070 161.

274 4110 314 4182 (1)
327 4109 446 4178 Jacobs,
460 4112 619 4181 Nachtrape
630 4126 667 4166 zu
679 4109 791 4169 Siliam
803 4111 913 4181 attpom.
932 4110 1061 4179 Τὴοονίο,
1076 4109 1130 4179 lv,
1142 4128 1172 4185 p.
1184 4111 1255 4183 111,
