3056 4976
649 502 814 571 ..32-

221 646 326 718 detur
344 644 476 730 resciit,
496 642 562 714 sed
580 642 630 714 ita
649 642 843 733 interrogat
859 653 898 715 ut
914 642 980 715 ista
994 645 1129 738 aperiat
1148 666 1232 739 qoae

221 770 357 863 reliqua
386 768 477 838 mala
507 764 720 860 significent.
750 764 816 839 Ubi
844 766 1067 849 doAthenis
1089 766 1165 867 (i),
1187 770 1236 842 de

126 928 129 933 -
221 895 363 966 nautico
377 893 471 965 hetto
491 891 592 988 (rte.
610 891 661 962 er.
678 868 766 978 raa,
782 895 1078 990 sarmatae,
1094 907 1131 965 a
1146 893 1232 985 eac,

221 1028 374 1115 πλαγαῖσι
389 1014 598 1113 ποντίαισιν),
620 1016 666 1088 de
678 1016 803 1109 juncto
824 1015 1052 1111 Hellesponto
1072 1016 1178 1116 (722)
1192 1041 1235 1091 ao

220 1144 351 1218 Xerxis
377 1145 460 1236 iuga
482 1140 588 1240 (734)
609 1142 712 1237 quasi
739 1154 823 1214 nota
842 1145 1112 1237 recognoverit,
1138 1145 1235 1220 omni

222 1271 359 1363 abiecta
382 1268 604 1340 dubitatione
630 1268 791 1361 protinus
815 1267 990 1340 exclamat
1015 1267 1121 1367 (739)
1148 1295 1157 1340 z
1181 1281 1236 1366 φεῦ

221 1393 338 1489 ταχεῖά
351 1398 382 1490 γ’
397 1392 471 1470 itte
486 1401 632 1489 χρησμῶν
649 1388 829 1488 πρᾶξις-ς
840 1391 924 1464 dein
940 1391 1034 1465 dicia
1050 1404 1133 1467 ante
1145 1376 1235 1467 cele·

222 1518 293 1612 git3
311 1518 438 1591 eodem
455 1517 581 1590 ordine
597 1518 768 1590 tactorum
783 1517 943 1612 quidque
960 1520 1114 1591 aestimat
1128 1515 1232 1616 (646,

222 1643 318 1732 790,
343 1640 439 1738 κτλ.)
465 1663 617 1736 quaeque
653 1643 872 1716 conticuerat
905 1644 1023 1716 statim
1052 1654 1237 1738 percenset

222 1768 355 1843 omnia.
373 1808 422 1821 -
438 1767 580 1840 Haerent
597 1768 703 1839 etiam
721 1767 830 1862 aliqui
856 1769 892 1839 in
917 1769 979 1843 iiio
1004 1768 1237 1842 celeberrimo

222 1894 370 1987 quodie
403 1916 531 1986 eutoso
562 1894 620 1964 dot
648 1893 791 1966 coasilio.
830 1894 908 1966 Non
941 1894 1038 1966 enim
1068 1893 1236 1967 flentibus

221 2016 331 2093 adflat
351 2017 500 2109 Darius3
528 2017 638 2089 vitam
662 2017 706 2089 iis
729 2017 867 2089 invidet
890 2027 1081 2112 monetque
1108 2040 1153 2090 ne
1176 2018 1236 2091 vel

221 2144 261 2245 in
282 2144 384 2216 maiis
410 2152 607 2238 temperent
626 2143 713 2236 quin
735 2164 840 2216 senes
852 2197 863 2233 ,
886 2143 1035 2216 indiam
1054 2165 1160 2238 quem
1184 2154 1235 2217 te·

222 2285 329 2362 nent,
350 2273 524 2367 uoluptati
543 2274 700 2345 animum
725 2273 860 2346 dedant
880 2270 990 2370 (840,
1007 2271 1146 2371 mandere
1162 2275 1236 2370 χαί-

223 2408 285 2500 ρετ’
310 2408 339 2473 ἐν
366 2413 474 2484 κακοῖς
505 2405 614 2499 ὅμως).
646 2403 685 2474 16
718 2424 860 2496 quoqne
893 2415 928 2475 et
955 2401 1174 2477 homericum
1201 2413 1237 2476 et

222 2527 387 2602 Graecum
407 2526 465 2624 (2)
483 2537 559 2616 est,
584 2548 739 2600 necnon
759 2549 779 2598 a
807 2548 915 2599 senso
935 2529 1086 2599 naturali
1103 2538 1233 2601 ortum.

221 2651 294 2724 Etsi
313 2654 406 2747 apud
426 2654 557 2726 inferos
582 2652 730 2723 muitum
750 2652 847 2724 valet
869 2651 995 2723 Darius
1010 2648 1131 2749 (eet,
1150 2648 1235 2724 ἐνδυ-

222 2775 401 2873 ναστεύσας)
419 2789 454 2851 et
472 2779 508 2848 in
528 2788 621 2850 terra
638 2777 743 2850 toties
763 2777 853 2850 dens
870 2778 1082 2873 appellatur,
1105 2785 1233 2849 morta·

221 2901 266 2973 lis
290 2903 356 2973 suit
373 2900 484 3000 (632,
506 2905 595 2999 μόνος
612 2901 745 2999 θνητῶν)
764 2912 800 2974 et
823 2912 935 2974 morte
957 2903 1096 2974 vinctus
1123 2902 1232 2974 vitam

224 3047 267 3099 ac
284 3028 399 3100 lucem
414 3029 604 3100 desiderat.
621 3028 689 3101 Ista
703 3049 790 3100 vero
805 3029 841 3099 in
856 3028 973 3101 medio
991 3028 1088 3099 luctu
1104 3029 1233 3122 volup·
1277 3010 1279 3015 ⁴

223 3153 306 3224 tatis
324 3152 522 3225 recordatio
544 3172 663 3224 nonne
682 3161 872 3224 excusatur
889 3153 986 3245 qnod
1008 3161 1088 3246 post
1108 3161 1159 3224 tot
1177 3172 1233 3223 ca·

224 3277 399 3350 lumitates
417 3279 496 3351 sive
514 3286 707 3374 praesentes
729 3278 808 3350 sivo
827 3278 1052 3349 imminentes
1072 3299 1234 3349 necessa·

223 3403 276 3473 ria
295 3402 361 3474 init
378 3403 497 3497 aliqua
516 3402 625 3474 animi
645 3402 827 3494 remissio,
849 3424 894 3474 ne
922 3402 1079 3474 adventu
1106 3402 1236 3474 Xerxis
1278 3502 1283 3511 ν

223 3660 331 3726 hears,
347 3665 376 3717 et
390 3676 538 3733 pronoque
552 3660 579 3714 le
594 3658 688 3716 blenm
701 3658 738 3715 de
753 3675 787 3714 sa
799 3657 937 3715 condnite
955 3673 992 3713 en
1011 3657 1130 3713 roulant
1147 3673 1238 3730 appe·

222 3756 266 3812 ier
279 3757 306 3813 la
319 3755 389 3830 pitie
405 3773 456 3815 sur
466 3775 516 3814 ses
532 3757 723 3815 souffrenoea
737 3777 753 3812 u
1148 3754 1153 3759 '

259 3855 298 3926 (i)
314 3855 426 3929 Nempe
440 3862 574 3929 spectant
587 3857 607 3912 ii
622 3857 673 3930 qui
688 3857 745 3912 sibi
759 3855 894 3914 videntur
907 3855 1053 3920 αὐτόχθονες
1068 3854 1146 3912 uude
1161 3855 1236 3911 ista:

223 3950 285 4015 792,
299 3953 361 4015 αὐτὴ
373 3955 420 4020 γὰρ
432 3957 448 4014 ἠ
461 3961 498 4019 γῆ
512 3954 653 4021 Ξύμμαχος.

264 4043 299 4125 (6)
318 4040 356 4099 V.
374 4042 474 4110 Patin‚
492 4043 521 4111 1,
537 4044 600 4101 236.
623 4042 728 4100 Gonier
747 4044 835 4100 etiam
854 4041 967 4117 liudp..
990 4044 1067 4099 Herc.
1089 4041 1164 4110 fur„
1184 4038 1236 4096 503

222 4147 254 4198 et
267 4140 303 4197 fr.
318 4146 392 4213 trag.
409 4158 453 4214 gr.
468 4159 567 4210 anon„
583 4141 718 4217 Wagner
732 4141 814 4211 Did..
832 4142 854 4199 i.
870 4141 915 4211 48,
931 4159 962 4215 p.
978 4141 1041 4200 464.
