3056 4976
695 554 856 617 ...29-

264 701 302 764 et
316 689 486 782 religione
500 691 600 783 plura
612 701 787 761 scrutatus
800 701 854 761 est
869 702 904 763 et
917 692 1062 763 meliora
1077 693 1274 784 judicarim

265 815 325 887 illa
342 825 460 886 autem
472 815 563 887 adeo
580 816 802 908 praestantior
824 825 878 886 est
897 817 1063 888 omnihus
1083 817 1162 887 haee
1187 818 1282 888 vati-

265 939 409 1028 cinatio,
427 960 601 1032 nusquam
619 939 779 1011 oratione
791 940 933 1031 gravior
946 951 983 1010 et
995 939 1175 1034 pulchrior
1189 938 1278 1036 (848

266 1075 303 1136 et
320 1064 371 1158 s.)
397 1085 503 1158 quam
526 1085 637 1158 quum
658 1062 824 1135 humanae
843 1065 928 1137 vitae
947 1087 988 1136 ao
1007 1074 1145 1136 naturae
1164 1066 1282 1136 maxi*

268 1210 343 1260 mas
369 1189 466 1282 leges
485 1188 665 1283 explanat.

314 1313 384 1384 Sed
408 1334 480 1383 non
504 1312 699 1384 omittenda
723 1335 800 1405 quoe
817 1312 874 1385 vel
901 1314 936 1383 in
964 1314 1103 1407 aliquot
1121 1314 1208 1386 loeis
1225 1313 1284 1410 vel

266 1437 303 1509 in
321 1437 458 1508 ratione
474 1437 581 1508 totius
597 1458 724 1509 scaenae
739 1448 815 1508 suot
839 1439 1043 1531 reprehenso.
1062 1439 1282 1511 -Primum

264 1563 409 1657 quidem
434 1563 528 1635 illam
547 1585 688 1634 omnem
707 1563 876 1635 dixerunt
898 1562 955 1658 (l)
975 1565 1065 1635 mire
1084 1566 1128 1635 ab
1147 1567 1283 1640 histom‘tt

265 1684 425 1779 deflectere
432 1718 448 1774 5
475 1689 607 1760 crimen
641 1689 698 1761 hio
732 1688 864 1759 inferre
891 1688 1034 1760 Darium
1060 1710 1131 1782 quo
1159 1710 1281 1764 carere

266 1814 342 1908 ipse
361 1824 533 1905 nequeat3
557 1835 686 1907 nempe
706 1815 820 1908 ipsum
840 1835 935 1884 arma
954 1815 989 1884 in
1009 1814 1181 1887 Graeciam
1204 1837 1280 1888 mo·

268 1938 383 2028 visse,
405 1940 680 2031 Graecorumque
698 1939 854 2010 animum
879 1939 1086 2011 Marathone
1109 1941 1279 2014 tentando

263 2074 352 2157 quot
370 2064 508 2134 animas
526 2063 677 2134 militum
692 2063 884 2158 projecisse
898 2074 937 2133 ut
951 2064 1129 2158 superbiae
1144 2086 1185 2135 uc
1199 2065 1278 2136 lihi-

264 2188 340 2259 dini
356 2210 431 2261 snae
442 2189 651 2279 inserviret3
666 2191 781 2282 ipsum
797 2189 997 2281 pedestrem
1006 2190 1203 2261 exercitum
1214 2201 1279 2261 tra·

261 2313 410 2385 duxisse
428 2314 668 2407 Bosphorum;
685 2335 756 2406 quo
779 2313 922 2384 tandem
947 2336 1009 2387 ore
1037 2313 1149 2386 filium
1167 2315 1280 2386 imita·

263 2449 395 2527 torem,
421 2439 492 2510 imo
510 2439 661 2510 ultorem
680 2438 736 2508 sui
756 2448 852 2510 tanta
871 2440 1063 2525 severitate
1090 2441 1279 2533 objurget?

262 2602 312 2617 -
327 2563 453 2654 Subiit,
468 2574 507 2634 ut
522 2564 608 2633 mihi
627 2563 789 2651 videtur,
809 2584 880 2634 non
901 2564 1108 2657 imprudens
1129 2563 1278 2660 AEsehy-

262 2687 318 2758 lus
329 2687 638 2781 reprehensionem
652 2710 757 2781 quam
777 2709 848 2759 non
861 2687 1051 2781 providere
1065 2709 1136 2759 non
1147 2689 1276 2781 potuit,

260 2833 379 2906 neque
398 2813 651 2886 Marathoniam
677 2812 813 2884 cladem
843 2813 973 2884 oblitus
999 2824 1053 2883 est
1072 2835 1178 2906 quam
1199 2813 1277 2907 ipse

260 2935 365 3035 (2ll)
379 2939 687 3029 commemoravit3
703 2939 767 3009 sed
780 2949 858 3032 post
869 2939 1000 3009 multos
1019 2959 1148 3026 annue,
1167 2959 1277 3031 quum

261 3085 333 3135 non
345 3086 409 3134 rex
427 3065 491 3135 sed
510 3065 635 3135 umbra
656 3064 751 3155 regis
772 3064 919 3149 diceret,
943 3063 1088 3132 Darium
1109 3061 1278 3134 inducere

260 3189 329 3260 sibi
347 3190 452 3260 liuere
473 3190 610 3282 putavit
629 3211 716 3260 vero
738 3189 1005 3281 prudentiorem
1026 3209 1067 3258 ac
1087 3196 1182 3258 certe
1202 3208 1278 3260 om·

260 3315 347 3385 nino
365 3312 427 3384 filii
447 3314 736 3399 dissimillimum,
756 3313 816 3406 qui
842 3313 1014 3406 querendi
1038 3324 1072 3383 et
1089 3313 1275 3384 incusandi

259 3439 506 3532 praesoriberet
538 3439 682 3510 modum
695 3493 706 3528 ‚
731 3447 766 3509 et
792 3437 955 3509 Atossam
986 3436 1183 3530 Persasque
1217 3437 1276 3507 vel

259 3564 378 3658 potius
395 3575 623 3657 spectatores,
647 3564 743 3657 quod
763 3585 854 3634 unus
877 3564 991 3657 potuit
1010 3563 1143 3656 quique
1163 3583 1271 3633 verus

258 3688 329 3759 fuit
347 3684 530 3781 tragoediae
561 3687 664 3778 linis,
697 3690 906 3760 admoneret
932 3689 989 3759 hio
1015 3689 1142 3759 abesse
1166 3709 1273 3781 quam

301 3998 335 4070 (ll
350 3998 476 4066 Teuffel,
492 4003 525 4056 to
542 4002 685 4065 hairtona,
702 4017 732 4072 p.
748 3999 792 4057 32.
808 3997 914 4056 Contra
928 3998 1063 4072 Herwig,
1078 4000 1277 4057 lltlrr'selr-relr'-

252 4101 352 4175 qima,
369 4106 437 4166 eto..
453 4119 482 4173 p.
499 4103 525 4158 7.
543 4101 637 4156 Locos
647 4117 749 4157 omnes
763 4101 845 4158 affert
858 4101 989 4173 AEsohyli
999 4106 1028 4158 et
1041 4100 1180 4157 Herodoti
1196 4097 1278 4154 Hoff·
1376 4156 1380 4163 ,

253 4216 363 4266 mann,
379 4202 536 4271 Philoloqor
551 4199 620 4266 XV,
638 4217 666 4271 p.
683 4198 736 4257 256
751 4216 780 4256 s.
