3094 4970
678 515 839 582 -85—2.

251 653 416 747 operibus
440 652 644 746 carpendis;
667 653 799 747 quippe
822 652 882 746 qui
909 675 1050 749 semper
1074 655 1169 729 soliti
1190 655 1267 729 sint

251 782 425 877 quidquid
444 803 577 854 novum
597 781 643 853 de
662 780 846 855 hominum
870 781 1090 877 deorumque
1108 796 1170 856 aut
1194 794 1262 857 ler-

251 929 369 983 rarum
398 918 522 979 natura
547 907 731 978 inventum
760 916 836 978 erat
865 918 901 979 et
925 907 970 979 ab
993 907 1071 981 aliis
1100 923 1199 983 anta
1223 932 1262 984 se

251 1034 378 1105 melius
408 1031 691 1125 excogitabatur,
721 1031 879 1125 aequales
909 1033 1038 1104 docere
1070 1030 1127 1131 (l)
1159 1044 1194 1106 et
1226 1036 1263 1108 in
1365 1065 1376 1079 ·

252 1178 403 1231 scaenam
425 1156 642 1228 uberrimum
658 1178 704 1228 ex
721 1156 920 1228 eruditione
939 1158 1069 1228 fontem
1085 1158 1260 1234 derivare.

252 1283 337 1356 Item
354 1281 540 1376 Euripides
560 1281 660 1354 velut
678 1281 849 1376 quasdam
867 1282 1107 1356 auxiliatrices
1122 1286 1266 1380 tragicae

253 1409 338 1482 artis
370 1430 479 1502 quum
504 1406 779 1503 philosophiam,
809 1416 884 1480 tum
911 1419 1048 1480 naturae
1069 1410 1264 1485 doctrinam

253 1532 464 1621 adhibebat,
492 1542 531 1603 ut
555 1530 853 1626 inexpugnanda
880 1532 1054 1626 religione
1076 1546 1180 1608 velus
1201 1557 1265 1608 au-

254 1679 332 1728 rum
345 1657 619 1749 signaretnove,
632 1666 668 1727 ot
684 1676 750 1749 pro
770 1676 851 1727 asso
871 1655 933 1727 illo
952 1657 1028 1729 sole
1044 1680 1116 1751 quo
1130 1659 1266 1753 priores

254 1781 410 1854 contenti
433 1779 502 1851 sibi
528 1780 652 1873 vigere
673 1779 910 1869 videbantur,
931 1779 1082 1852 nitidum
1103 1792 1264 1854 unctum-

255 1927 325 2002 que
343 1916 492 2000 poneret
512 1905 671 1999 periculo
688 1926 768 1995 suo,
788 1905 945 2000 periculo
965 1906 1076 2002 ipsius
1091 1908 1190 1980 artis.

303 2035 349 2108 At
360 2037 453 2109 enim
469 2036 557 2108 deos
573 2035 729 2129 qualesa
744 2035 858 2130 poetis
873 2035 951 2106 aliis
971 2036 1089 2108 traditi
1098 2048 1182 2108 sunt
1197 2043 1267 2132 ipae

256 2167 353 2236 etium
371 2162 516 2233 inducit.
527 2202 576 2213 —
592 2162 642 2232 lta
661 2181 766 2252 sane3
785 2161 850 2233 sed
864 2183 906 2233 eo
916 2162 1022 2235 modo
1036 2173 1075 2233 ut
1085 2182 1149 2237 eos
1167 2160 1270 2238 fictos

257 2291 361 2384 plane
379 2310 420 2361 ac
439 2287 699 2361 commentitios
719 2285 946 2381 significaret.
973 2285 1147 2371 Quoniam
1171 2291 1265 2361 enim

257 2413 353 2485 nulla
371 2435 450 2485 esse
469 2421 584 2506 polest
604 2411 758 2500 licentia,
772 2433 889 2505 neque
904 2412 941 2482 in
960 2411 1047 2483 lalsa
1064 2423 1126 2483 aut
1144 2413 1267 2486 incon·

256 2538 363 2611 stanti
388 2537 549 2624 doctrina
576 2537 668 2608 ullus
692 2558 805 2633 error,
831 2536 917 2608 deos
941 2559 1078 2609 summa
1107 2538 1273 2611 libertate·

258 2662 433 2752 tractavit,
464 2672 500 2735 et
524 2661 639 2736 omnis
663 2683 808 2733 securus
832 2661 1013 2754 religionis
1040 2683 1135 2733 nuuc
1155 2662 1268 2756 philo·

258 2788 403 2884 sophioe
422 2789 591 2878 elevavit,
613 2810 707 2860 nnuc
730 2789 867 2883 poetice
886 2797 1028 2860 ornatos
1047 2809 1174 2860 scaenae
1192 2809 1267 2860 suae

259 2916 553 3008 accommodavit,
580 2918 686 2991 modo
712 2939 813 3013 paene
836 2914 991 2987 humana
1011 2904 1132 2990 indole
1154 2917 1269 2990 induit

260 3045 412 3139 iecitque
431 3054 577 3137 vegetos
598 3042 792 3117 Homericis
810 3043 1013 3131 similiores,
1035 3065 1125 3138 quos
1142 3045 1273 3118 heroas

261 3178 365 3241 aetate
383 3168 523 3241 adultos
538 3168 649 3257 dicae,
677 3169 741 3240 vix
766 3188 873 3261 supra
892 3165 1072 3241 hominem
1096 3170 1268 3259 valentes,

262 3314 378 3387 neque
412 3294 502 3365 adeo
522 3303 658 3365 'natura
690 3293 948 3387 superbientes,
991 3292 1062 3365 imo
1092 3293 1271 3365 interdum
1300 3307 1303 3313 ·

265 3417 397 3490 dociles
425 3417 608 3511 usquead
634 3416 955 3512 philosophandum
979 3415 1131 3508 (Bacch,
1160 3414 1270 3514 oll);

263 3541 1270 3636 modovelutcommodosadministrandumpuerosidem
1357 3534 1363 3547 ‘

264 3689 284 3740 e
302 3668 513 3761 pnslscaenio
533 3667 664 3757 emisit,
681 3666 743 3739 ubi
755 3667 803 3738 ad
819 3665 1097 3740 concludendam
1116 3665 1273 3738 tabulam

300 3980 335 4051 ll)
354 3978 414 4035 Eos
428 3979 531 4036 merito
546 3977 699 4037 Hebraicis
709 3976 825 4034 vatibus
840 3976 952 4033 content
964 3932 1273 4043 woutermanno.

266 4077 448 4145 (lotterlcltrc,
459 4077 497 4146 Π,
510 4079 554 4136 87.
566 4077 609 4134 Ol.
620 4076 786 4149 Aristoph„
797 4078 878 4141 lion„
892 4075 960 4132 tuat
971 4092 1007 4143 e„
1018 4079 1048 4132 et
1058 4073 1195 4146 Lycurg„
1204 4073 1271 4130 Am.

266 4179 366 4246 lacer„
383 4179 443 4236 tot.
697 4188 698 4195 ¹
