3094 4970
738 462 910 525 -102-

311 604 597 699 diotAEsclrylum
621 601 806 695 Euripides
827 601 1002 694 aequavit,
1021 602 1072 673 sic
1093 604 1331 698 mediaparue

313 744 421 826 atque
449 730 545 803 omni
573 727 827 821 compositione
856 727 889 796 ei
914 726 992 803 siue
1015 727 1124 821 dubio
1148 728 1254 801 cedit.
1277 771 1324 793 -.-

312 836 468 937 Primum
483 855 540 925 hic
554 853 891 943 desideraturquem
901 850 938 920 13
950 851 1061 922 311333
1075 853 1328 933 vaticinatione

206 1060 208 1063 ,
315 1004 420 1057 nemo
440 1002 511 1052 non
532 963 698 1073 percipit,
712 976 872 1069 ,insignis
893 997 1010 1049 rerum
1030 986 1138 1071 atque
1156 979 1326 1057 orationis

309 1107 403 1178 ordo
420 1127 461 1176 33
478 1124 678 1200 processus.
694 1100 872 1173 Trochaeis
887 1101 1034 1194 quidem
1052 1102 1161 1175 verba
1179 1104 1326 1198 pulchre

314 1231 572 1302 concluduntur
590 1225 678 1323 (444
704 1237 740 1298 31
766 1227 834 1320 s.);
856 1228 922 1298 sed
942 1228 1000 1298 via
1024 1250 1095 1301 uon
1113 1229 1204 1305 adeo
1229 1240 1327 1307 recta

314 1366 368 1431 est
386 1354 433 1426 ad
451 1353 546 1429 hunc
570 1352 691 1431 finem.
713 1352 786 1427 lmo
821 1351 951 1423 utilitas
972 1353 1080 1431 totius
1108 1355 1160 1427 rei
1181 1376 1225 1433 33
1240 1376 1327 1448 prae·

314 1480 418 1574 cipue
435 1480 551 1571 longae
567 1479 612 1549 de
629 1478 753 1572 Ulysse
769 1477 1043 1561 vaticinationis,
1061 1478 1098 1548 iu
1116 1501 1223 1571 quarn
1239 1501 1325 1561 casu

310 1603 512 1683 declinasse
530 1600 726 1677 Cassandra
746 1601 901 1690 videtur,
920 1602 1096 1694 legentem
1119 1604 1241 1695 fugiet,
1254 1604 1324 1686 nisi

310 1729 392 1821 quis
416 1728 551 1822 prologi
585 1748 718 1799 memor
744 1727 899 1801 fabulam
926 1728 1086 1801 attendet
1112 1729 1158 1799 ad
1183 1729 1322 1803 Graeco-

313 1874 391 1927 rum
412 1863 448 1925 et
464 1852 649 1925 victoriam
667 1862 704 1924 et
717 1852 934 1925 miserrimos
949 1853 1088 1924 labores
1102 1854 1208 1925 simul
1224 1877 1323 1948 speo-

312 1989 405 2070 lare,
428 2001 623 2073 eorumque
652 1978 742 2053 mala
770 1977 1001 2070 .Trojanorum
1033 1980 1133 2053 malis
1173 1981 1322 2053 deorum

311 2108 494 2179 voluntate
513 2097 710 2183 arctissime
729 2105 910 2197 conjungi.
928 2105 1020 2198 Ergo
1035 2105 1230 2200 AEschyleae
1248 2107 1321 2176 rir-

304 2232 404 2323 ginis
425 2231 533 2301 verba
555 2229 770 2303 inflammata
788 2252 858 2302 nou
879 2230 936 2301 hic
955 2231 1320 2325 exspectandasunt3

313 2355 371 2431 obi
385 2354 538 2448 primum
552 2354 695 2427 Hecuba
708 2353 891 2427 delirantis
903 2355 1057 2427 lurorom
1070 2356 1188 2440 leniit,
1204 2354 1322 2435 subito

309 2480 369 2553 illa
390 2479 535 2551 omnino
551 2479 747 2569 deferbuit3
765 2481 886 2552 necad
902 2502 1023 2575 pacem
1043 2491 1176 2553 tautum
1194 2481 1321 2557 meotis
1343 2508 1347 2518 ·

303 2605 479 2692 elabitur,
499 2604 564 2677 sed
590 2605 696 2681 etiam
716 2604 763 2676 ad
793 2605 935 2679 dicendi
963 2616 1080 2700 partes
1100 2627 1142 2681 ac
1161 2606 1318 2693 colores,

305 2731 354 2802 ad
371 2730 646 2825 propositionem
666 2728 774 2825 (365,
795 2733 887 2800 πόλιν
906 2726 940 2800 δὲ
961 2726 1321 2824 detentet-schemata

306 2855 423 2928 omnia
440 2853 542 2948 (36l‚
560 2857 631 2925 ἀλλ’
649 2860 719 2925 αὖτ’
738 2857 817 2925 ἐάσω
836 2884 843 2898 ·
863 2860 994 2927 πέλεκυν
1010 2861 1068 2950 οὐχ
1082 2854 1321 2951 iptdcopea...)

305 2983 665 3075 silvamque-omnem
682 2984 898 3075 argutiarum
919 3007 1000 3078 quae
1019 2985 1142 3056 otiosis
1164 2985 1316 3078 placent.

307 3107 492 3199 Nunquam
511 3127 582 3178 non
601 3106 647 3177 nd
666 3106 793 3179 thesim
814 3129 914 3179 suam
935 3108 1093 3203 respicit,
1108 3120 1145 3178 ut
1165 3108 1319 3181 Teucros

305 3231 436 3304 Graecis
463 3231 637 3305 feliciores
669 3244 705 3304 et
734 3232 843 3303 luisse
868 3244 904 3304 et
931 3233 1007 3303 lore
1037 3233 1225 3323 delendat3
1247 3255 1320 3326 quo

307 3356 487 3451 proposito
520 3378 591 3428 non
621 3357 725 3445 furit,
751 3357 815 3429 sed
841 3356 1016 3430 rhetorico
1045 3379 1143 3430 more
1171 3357 1314 3452 desipit.

305 3481 399 3555 Nihil
436 3482 575 3572 fremit,
599 3481 665 3553 sed
693 3482 847 3576 explicat
875 3503 916 3556 33
949 3482 1093 3574 quidem
1128 3482 1317 3553 securitate

306 3606 447 3695 mentis,
467 3618 507 3676 31
523 3606 577 3676 331
596 3606 736 3701 penitus
748 3607 888 3679 conscia
907 3607 1093 3677 audientes
1114 3614 1257 3677 moneat
1274 3625 1315 3674 se

293 3731 468 3824 -quamvis
482 3730 589 3801 deum
607 3731 644 3802 in
659 3731 863 3826 praecordiis
883 3731 1045 3820 retineat,
1060 3740 1178 3801 tamen
1192 3728 1316 3801 tantis·

306 3856 503 3949 perfurere
522 3866 796 3951 temperaturam
816 3854 915 3952 (367,
937 3858 1033 3935 ἔνθεος
1050 3858 1117 3950 μὲν,
1139 3856 1212 3922 ἀλλ’
1234 3857 1316 3948 ὅμως

302 3974 430 4051 τοσόνδε
448 3987 478 4076 γ’
499 3976 557 4060 ἔξω
579 3986 733 4076 στήσομαι
752 3981 1011 4076 βακχευμάτων);
1036 3980 1106 4050 imo
1126 3989 1165 4050 ul
1188 3977 1224 4048 in
1244 3986 1315 4048 tra·

298 4105 376 4176 1313
391 4105 570 4199 corrigere
589 4106 730 4178 studeat
746 4126 827 4198 quae
841 4127 965 4200 parum
984 4102 1232 4178 convenientia
1243 4100 1314 4177 sibi
