3056 4976
681 451 868 514 ...18.,.

255 590 394 683 agendo
413 599 449 660 et
467 590 504 658 iu
522 587 710 681 cogitando
728 586 863 681 aliquid
885 589 1038 661 retinent
1053 591 1260 684 spirantque

256 715 362 789 etiam
383 714 461 809 plus
479 734 586 808 quam
603 712 811 786 humanum.
829 710 932 797 Quod
950 715 1049 788 chori
1069 717 1186 788 visum
1206 728 1261 788 est

259 855 381 939 postea
406 841 560 916 officium
570 895 582 931 ,
603 842 706 915 bonis
725 843 868 933 favere,
887 865 1012 935 regere
1031 845 1160 935 iratos,
1179 844 1267 918 deos

259 969 394 1056 testari,
409 969 446 1039 id
459 968 495 1037 hi
506 988 646 1061 semper
660 977 770 1059 agunt
787 988 849 1040 ore
866 969 991 1060 grandi
1006 991 1081 1058 ore,
1093 969 1268 1042 constanti

260 1094 479 1166 audientium
499 1094 733 1164 admiratione
748 1102 859 1188 atque
871 1094 1004 1165 invicta
1019 1094 1065 1166 ab
1083 1096 1179 1168 omni
1197 1116 1272 1166 sus

259 1220 399 1314 picione
418 1241 557 1313 semper
571 1217 722 1316 lide(i).
735 1218 873 1291 -Fuit
892 1220 998 1292 etiam
1016 1221 1169 1292 maxima
1187 1241 1269 1315 quae

261 1343 505 1417 diifioiliorvel
524 1346 637 1437 primo
656 1345 786 1415 intuitu
803 1344 959 1433 videtur,
978 1357 1014 1416 et
1034 1345 1267 1439 interpretum

263 1479 298 1542 et
316 1470 427 1565 ipsius
451 1470 753 1565 interpretationis
776 1476 940 1558 verutos,
957 1491 1039 1542 nam
1060 1481 1189 1566 praeter
1209 1492 1271 1544 no·

264 1605 337 1665 tum
358 1594 457 1664 illurn
475 1593 696 1665 Calchantem
717 1591 936 1688 (quanquam
965 1595 1042 1690 ipse
1070 1617 1141 1668 non
1169 1595 1274 1666 indu·

264 1720 371 1811 citur)
391 1720 564 1789 furentem
589 1719 764 1809 virginem
794 1718 989 1808 habemus,
1010 1719 1276 1790 vaticinantem·

264 1865 335 1938 qne
354 1843 514 1914 umbram
535 1854 571 1914 et
587 1844 703 1936 ipsum
716 1865 879 1936 magnam
895 1846 1048 1917 fatorum
1063 1846 1193 1917 seriem
1212 1868 1274 1918 ex·

265 1969 452 2064 plicantem
468 1970 588 2060 deum,
600 1970 649 2041 ita
666 1982 705 2041 nt
722 1970 780 2041 hic
793 1971 898 2042 etiam
919 1971 1085 2042 uirtutem
1097 1970 1276 2065 propriam

267 2114 372 2187 quern
393 2105 533 2166 veteres
555 2095 628 2186 jam
659 2095 694 2165 in
721 2117 764 2167 eo
787 2094 1054 2166 admirabantur
1078 2091 1148 2192 (2),
1174 2105 1278 2188 poeta

267 2220 412 2291 omnino
423 2220 608 2291 retinuerit
626 2232 661 2291 et
680 2222 714 2289 in
727 2219 908 2291 hochorto
920 2221 1039 2292 omnia
1054 2216 1278 2294 circumvoli-

267 2344 396 2415 taverit
412 2342 545 2438 thyma.
559 2342 669 2414 Suum
689 2355 807 2415 autem
827 2344 957 2436 cuique
974 2365 1136 2438 personae
1154 2365 1278 2417 serva·

269 2469 323 2540 vit
340 2467 499 2538 habitum
520 2479 556 2540 et
574 2490 614 2541 os
634 2470 782 2561 dignum
801 2469 946 2540 numine
965 2469 1089 2541 divino
1106 2470 1276 2562 praebuit3

270 2593 381 2664 rerba
399 2607 460 2664 aut
479 2594 612 2688 impetu
641 2594 801 2665 incendit
827 2603 889 2664 aut
918 2595 1101 2686 majestate
1126 2594 1279 2688 quadam

271 2719 546 2790 commendavit.
1084 2798 1087 2802 Α

320 2842 394 2914 lmo
418 2842 486 2913 dici
504 2852 620 2936 potest
638 2844 675 2913 iu
697 2843 795 2913 nulla
810 2843 996 2939 AEschylea
1017 2844 1136 2916 fabule
1155 2844 1280 2915 deesse

273 2986 461 3061 personam
490 2986 571 3060 quae
594 2965 769 3059 significet
796 2969 932 3058 futura3
961 2970 1022 3040 ubi
1051 2970 1145 3041 enim
1182 2979 1282 3040 vates

273 3090 401 3184 aliquis
418 3112 491 3162 non
506 3091 699 3182 inducitur,
720 3093 823 3186 quasi
842 3115 888 3164 ue
907 3116 977 3188 qua
997 3114 1067 3165 non
1087 3093 1283 3193 intercedet

274 3214 421 3286 deorum
439 3217 676 3310 providentia,
693 3215 732 3288 fit
743 3220 858 3290 oddus
870 3218 1003 3290 divinae
1019 3218 1211 3290 voluntatis
1227 3217 1281 3286 in·

275 3348 429 3433 terpres3
449 3360 530 3434 quae
545 3340 672 3431 divini,
694 3343 724 3412 si
743 3343 952 3432 adfuissent,
973 3341 1273 3436 pronuntiassent,

275 3466 458 3559 praesentit
475 3466 552 3561 ipse
570 3488 612 3538 ac
637 3468 737 3540 timet
755 3470 812 3541 vel
838 3480 948 3563 optat,
970 3491 1035 3540 nec
1054 3479 1124 3541 tam
1143 3468 1281 3561 legibus

276 3587 442 3662 humanis
463 3612 570 3684 quam
606 3591 755 3665 deorum
780 3594 936 3665 consiliis
965 3594 1086 3666 studet
1115 3615 1194 3665 esse
1220 3594 1283 3665 ob·

318 3817 352 3885 (1)
370 3815 521 3893 Paulisper
534 3820 563 3876 in
572 3821 793 3893 Agamemnone
806 3822 909 3880 diffidit
921 3822 1090 3879 vaticinanti
1104 3823 1222 3885 chorus,
1234 3820 1287 3877 sed

279 3930 348 3973 mox
361 3921 456 3973 tutum
467 3918 495 3974 ei
508 3933 541 3974 se
554 3919 677 3976 docilem
691 3921 809 3993 praebet.

317 4012 353 4084 (2)
371 4011 472 4087 Denys
486 4014 591 4086 Halim,
609 4015 716 4092 111‚p.
733 4018 794 4085 314,
817 4018 871 4075 Ed.
889 4018 965 4075 Gros
981 4017 1133 4084 :Eitputidoc
1151 4018 1194 4069 καὶ
1209 4018 1287 4080 Σοφο-

280 4112 374 4179 κλέους,
388 4114 431 4166 καὶ
443 4117 617 4182 ποικιλώτερος
630 4122 684 4176 ταῖς
697 4123 747 4170 τῶν
761 4118 902 4185 προσώπων
917 4119 1104 4180 turrecremata.
