3056 4976
705 539 864 604 ..28-

280 682 329 753 tiu
348 680 437 753 levis
456 678 654 772 tumidique
670 675 799 775 (θούριος
817 674 934 775 Ξέρξης,
953 677 1039 766 ult),
1054 675 1143 772 755)
1160 678 1291 751 Xerxis

280 816 331 878 tot
357 805 577 876 miseriarum
604 803 734 877 seriem
759 803 931 874 accidisse
955 802 1148 897 explanat3
1181 803 1297 885 vitam,

279 929 414 1003 seilicet
432 927 623 999 humanam
640 927 780 1021 plenam
800 947 879 998 csse
897 925 1157 999 calamitatibus
1178 923 1289 1023 (706,

219 1148 221 1151 v
280 1057 448 1152 ἀνθρώπεια
465 1049 495 1123 δ’
516 1050 552 1122 ἄν
568 1082 620 1123 τοι
640 1056 762 1148 πήματ’
788 1047 823 1119 ἂν
842 1055 935 1146 τύχοι
955 1056 1077 1147 βροτοῖς
1099 1051 1209 1145 κτλ.);
1228 1030 1293 1124 sed

280 1200 398 1251 rerum
428 1186 559 1251 eventu
588 1175 821 1248 demonstrari
845 1185 1016 1269 quantum
1046 1176 1090 1245 Di
1121 1176 1288 1249 ethonis

281 1303 587 1398 prudentibusque
606 1302 750 1374 faveant
759 1296 867 1405 (767,
885 1304 1006 1397 φρένες
1018 1300 1076 1397 γὰρ
1093 1306 1186 1371 αὐτοῦ
1203 1304 1294 1399 θυρεὸν

281 1430 527 1524 ᾠακοστρόφουν.
544 1467 591 1481 -
610 1423 695 1514 772,
716 1429 791 1505 Θεὸς
811 1425 868 1521 γὰρ
888 1431 942 1495 οὐκ
956 1427 1085 1524 ἤχθρρεν
1102 1434 1141 1505 ὡς
1160 1429 1295 1522 εὔφρων

283 1553 350 1649 ἔφυ.
366 1591 413 1605 -
425 1550 512 1638 907,
528 1553 669 1648 ἐκράτυνε
685 1553 841 1647 σφετέραις
859 1548 1000 1646 φρεσίν)
1016 1548 1126 1647 (l)‚et
1135 1550 1171 1620 iu
1186 1551 1296 1623 mulos

282 1676 499 1769 insanosque
517 1698 582 1771 pro
602 1676 701 1747 lactis
719 1675 869 1747 saeviant
889 1673 996 1768 (827,
1017 1680 1087 1756 Ζεύς
1104 1705 1156 1746 τοι
1181 1684 1296 1746 κολασ-

282 1804 340 1882 τὴς
368 1811 430 1870 τῶν
458 1802 657 1896 ὑπερκόμπων
687 1800 763 1896 ἄγαν
790 1802 989 1896 φρονημάτων
1020 1804 1156 1888 ἔπεστιν,
1185 1803 1299 1880 εὔθυνος

285 1924 412 2023 βαρύς);
434 1926 752 2018 maximamigitur
766 1947 906 2018 poenam
926 1926 1057 1998 debere
1076 1947 1187 2018 quum
1207 1926 1297 1996 Xer·

284 2071 367 2123 rem
397 2050 492 2143 quod
521 2048 678 2120 mortalis
709 2059 869 2119 sanctum
901 2048 1165 2144 Hellespontum
1192 2047 1298 2144 (705)

285 2177 473 2274 ipsumque
504 2178 756 2270 Ennosigaeum
784 2176 890 2274 (750)
913 2199 1102 2270 aggressus
1130 2179 1175 2249 sit
1203 2200 1298 2250 com·

285 2305 438 2399 pedibus
467 2303 628 2392 vincire3
652 2314 733 2372 tum
766 2303 951 2374 Persarum
981 2304 1177 2383 exercitum
1204 2301 1299 2399 (873

287 2439 323 2501 et
340 2428 391 2526 s.)
406 2429 466 2523 qui
483 2428 520 2498 in
539 2427 673 2499 Graecia
695 2427 902 2520 permansit,
921 2429 1017 2521 quod
1037 2429 1184 2500 deorum
1202 2449 1298 2500 com·

287 2554 452 2648 pilaverit
470 2553 617 2625 delubra
638 2561 674 2624 et
698 2551 779 2645 igne
799 2553 1007 2626 vastaverit.
1035 2553 1092 2625 Sic
1114 2553 1300 2648 sapientius

287 2688 324 2751 et
350 2680 472 2750 virtuti
501 2700 580 2750 esse
606 2678 798 2750 constituta
830 2700 894 2749 sua
920 2679 979 2749 vel
1009 2680 1105 2772 apud
1137 2679 1300 2751 homines

288 2807 458 2900 proemia,
485 2824 587 2873 suam
613 2802 739 2874 sceleri
763 2824 918 2896 poenam.
937 2803 1051 2887 Quam
1071 2779 1157 2875 sane
1182 2823 1301 2875 rerum

287 2927 522 2999 humanarum
557 2926 830 3019 descriptionem
870 2949 941 2999 non
976 2929 1072 3022 apud
1109 2929 1300 3000 Homerum

289 3041 450 3125 mmdem
481 3051 664 3140 invenies3
693 3053 926 3123 recentiorem
952 3052 1010 3123 illa
1035 3061 1138 3124 sonat
1158 3062 1302 3123 aetatem

290 3185 326 3251 et
349 3176 476 3247 summi
497 3185 611 3269 poetae
637 3176 755 3268 prodit
781 3177 963 3268 ingenium
986 3179 1046 3270 qul
1075 3179 1121 3249 de
1144 3176 1303 3249 moribus

293 3431 444 3498 liuramcut)
465 3431 577 3503 placet,
599 3432 717 3486 omnino
736 3431 880 3487 sublatam
902 3433 1014 3504 opinor.
1037 3431 1111 3487 Vide
1134 3435 1214 3488 ista:
1242 3432 1303 3497 lot,

291 3532 372 3583 θεόθεν
382 3533 428 3595 γὰρ
437 3532 502 3581 κατὰ
510 3531 602 3597 Μοῖρ’
610 3530 776 3596 ἐκράτησεν
785 3532 814 3582 τὸ
824 3532 939 3583 culcior.
950 3558 980 3566 -
991 3530 1045 3588 362,
1055 3535 1098 3583 τὸν
1110 3535 1171 3583 θεῶν
1182 3533 1305 3597 φθόνον.

292 3648 323 3658 ·-
334 3621 392 3682 345,
406 3619 529 3685 deripuit...
541 3621 651 3671 τάλαντα
666 3620 750 3687 βρίσας
766 3622 811 3671 οὐκ
833 3622 992 3687 ἰσορρόπῳ
1005 3625 1075 3688 τύχῃ.
1090 3625 1144 3672 κτλ.
1159 3622 1308 3690 Quantum

291 3736 361 3776 vero
374 3720 450 3776 inter
462 3719 633 3792 AEschylum
646 3726 675 3775 et
692 3718 873 3774 Herodotum
888 3721 923 3776 de
937 3721 1052 3775 deorum
1067 3723 1120 3775 illu
1136 3720 1246 3776 discidia
1259 3723 1308 3776 in-

293 3820 396 3884 tersit,
412 3821 519 3891 optime
536 3818 571 3872 ab
589 3817 625 3874 G.
641 3817 816 3873 Hoffmanno
832 3815 1001 3889 (Philolopus
1017 3818 1087 3887 XV)
1109 3826 1155 3875 est
1176 3819 1308 3892 disputa-

295 3927 369 3977 tum.

332 4017 370 4089 (l)
386 4015 460 4089 Opp.
477 4015 539 4084 llo,
554 4019 641 4082 πεῖραν
661 4015 926 4081 τήνδ’ἐμώρανεν...
935 4013 991 4076 750,
1001 4021 1054 4073 πῶς
1063 4017 1116 4067 τότ’
1129 4015 1159 4065 οὐ
1171 4016 1242 4071 νόσος
1255 4016 1310 4080 εἶχε

295 4116 434 4181 παῖδ’ὲμόν.
448 4114 510 4174 725,
524 4117 598 4182 μέγας
618 4134 654 4175 τις
671 4116 728 4178 ἦλθε
751 4117 844 4181 δαίμων
863 4120 929 4169 ὥστε
945 4119 978 4182 μή
991 4123 1125 4183 φρονεῖν
1142 4121 1230 4175 καλῶς.
1247 4113 1308 4174 808,
1379 4108 1386 4127 ’

297 4202 389 4273 ὕόρεως
400 4206 491 4258 ἄποινα
503 4206 596 4258 κάθέων
608 4207 829 4274 φρονημάτων.
