3094 4970
738 480 905 543 -100-

318 624 412 695 enim
431 621 532 693 adest
555 620 600 692 ab
620 619 681 692 illo
704 618 901 712 Sophocleo
920 640 1061 712 semper
1080 618 1126 691 ad
1146 619 1234 690 iram
1259 620 1333 690 mi-

317 768 453 842 nasque
472 746 616 816 ruente!
641 742 811 827 Quamvis
844 764 924 814 enm
952 763 1043 813 nova
1075 743 1205 814 mulcta
1236 743 1330 814 Pen-

318 871 422 942 theus
447 869 621 956 affecerit,
643 888 724 960 quae
749 888 829 937 cum
849 867 992 938 levitate
1016 866 1132 960 aliqua
1158 870 1336 959 majorem

318 995 544 1068 acerbitatem
565 992 699 1063 serebat
719 989 802 1085 (3l6
821 1003 856 1062 et
877 988 942 1085 s),
962 991 1094 1062 crudus
1110 991 1199 1064 alias
1216 1014 1331 1065 senex

318 1121 474 1213 iniquam
506 1119 675 1190 ultionem
700 1115 906 1209 aequissimo
935 1117 1055 1189 animo
1082 1117 1231 1210 patitur,
1260 1119 1326 1189 vix

317 1248 435 1339 aliqua
455 1264 613 1315 mussare
629 1254 816 1314 contentus
834 1239 921 1337 (358
942 1252 978 1313 et
1000 1240 1064 1338 s).
1083 1242 1206 1313 Utrum
1227 1244 1325 1314 vires

318 1394 364 1443 ne
378 1371 440 1441 irae
454 1368 597 1463 quidem
607 1369 681 1459 jam
697 1366 938 1460 suppeditant,
951 1388 1021 1460 anp
1031 1367 1165 1440 lacidos
1181 1367 1330 1462 Dionysi

318 1516 435 1567 mores
454 1492 640 1565 aemulalur
656 1489 758 1585 (llll,
776 1499 861 1585 φιλεῖ
878 1486 1103 1587 δ’..εἰρῆναν...
1123 1488 1208 1581 844,
1225 1494 1328 1589 πάντῃ

318 1616 405 1715 τόγ’
423 1622 494 1713 ἐμὸν
514 1620 652 1712 εὐτρεπὲς
667 1614 786 1711 eatpolt
798 1614 861 1686 Dei
879 1615 1023 1709 quidem
1039 1616 1205 1687 subtilius
1225 1616 1329 1708 inge-

318 1745 416 1815 nium
437 1741 597 1815 nonnulli
611 1752 820 1832 argnerunt3
834 1742 898 1813 sed
918 1741 981 1812 vix
998 1740 1082 1811 mihi
1100 1739 1196 1834 fingo
1211 1763 1327 1813 unum

318 1871 484 1942 lectorem
497 1867 658 1961 velapud
668 1879 819 1954 veteres,
830 1868 1155 1962 praeteracerrimos
1167 1867 1327 1963 physicae

319 2003 526 2079 sectatores,
538 1993 648 2063 risum
666 1996 822 2063 tenuisse
838 2014 946 2084 quum
963 1993 1118 2085 prodens
1129 1992 1191 2063 illc
1204 1993 1332 2064 obscu-

319 2141 437 2191 rarum
456 2141 573 2190 rerum
590 2117 784 2211 explicator
802 2118 880 2188 sive
896 2117 969 2188 vim
983 2115 1107 2189 Bacchi
1127 2117 1235 2188 tracta
1253 2137 1331 2188 ora

320 2246 417 2317 tione
434 2245 629 2315 celebraret
652 2239 739 2335 (278
759 2252 794 2312 et
812 2241 863 2335 a.)
887 2251 923 2313 et
943 2241 1075 2312 siccum
1095 2243 1167 2313 udo
1190 2241 1329 2313 conier-

320 2379 393 2457 ret,
417 2368 493 2438 sive
514 2366 558 2437 de
578 2369 645 2445 Διὸς
664 2376 747 2460 μηρῷ
765 2363 869 2461 (286)
885 2365 1040 2458 argutias
1060 2365 1137 2436 illas
1156 2365 1325 2437 elfutiret.

319 2493 454 2585 Nempe
484 2491 570 2578 ista,
596 2502 636 2560 nt
660 2488 883 2582 Anaxagorae
902 2489 1085 2584 discipulis
1111 2491 1326 2585 placuerint,

320 2620 429 2691 miror
446 2627 563 2688 tamen
582 2616 761 2708 quomodo
784 2616 935 2711 populus
961 2616 1142 2708 exceperit
1161 2616 1329 2707 vatisque

319 2743 430 2816 indoli
449 2740 733 2813 accommodarit.
747 2740 855 2822 'Quod
874 2742 903 2811 si
916 2741 1011 2811 hunc
1027 2741 1190 2811 ultimum
1211 2738 1329 2811 locum

319 2865 590 2959 interpolatione
607 2864 725 2957 aliqua
739 2865 960 2935 excusabunt
973 2862 1032 2959 (V.
1045 2862 1188 2951 Boeclrh,
1207 2863 1343 2934 Groecoe·

321 3003 408 3083 trop.
421 3013 493 3083 pr„
506 3011 541 3082 p.
558 2988 678 3060 atoet
690 2989 861 3082 Hartung,
878 2992 960 3060 Eur.
973 2999 1066 3077 rest,
1085 2988 1128 3076 ll,
1142 2985 1327 3058 stacon-

319 3126 373 3186 tra
391 3112 577 3184 Kirchholf
588 3113 754 3205 Euripidis
771 3114 984 3200 editionem,
1004 3123 1039 3183 et
1059 3111 1252 3205 Naegelsb,
1277 3115 1325 3184 N.

323 3236 692 3331 T.,p.lll5),quonam
705 3239 811 3310 modo
821 3237 992 3333 abjectam
1002 3237 1329 3331 purgabunthomi-

321 3367 376 3437 nis
400 3364 575 3446 indolem,
597 3386 702 3457 quem
724 3365 848 3435 credas
870 3364 1028 3459 Dionysii
1048 3364 1211 3434 simiam‘l
1235 3361 1343 3436 Scite·

321 3489 521 3579 Hartungus
541 3490 689 3575 notavit,
709 3490 732 3560 l.
751 3490 790 3573 l.,
812 3490 1021 3560 sententiam
1039 3489 1199 3559 eamdem
1220 3509 1330 3581 quam

321 3611 358 3680 in
382 3611 571 3704 Hippolyto
595 3631 720 3680 servus
744 3610 863 3681 senior
880 3609 1107 3694 defenderat,
1130 3620 1251 3680 tenere
1272 3609 1345 3680 hic·

321 3734 507 3821 Tiresiam3
531 3734 642 3827 liquet
663 3755 877 3806 verounum
897 3755 918 3805 e
940 3734 1068 3826 vulgo,
1092 3735 1163 3805 imo
1182 3755 1331 3805 servum

322 3879 392 3929 non
420 3859 519 3928 velut
545 3859 811 3931 celeberrimum
840 3869 957 3931 vatem
978 3881 1017 3930 ea
1043 3860 1213 3952 dignitate
1235 3859 1327 3949 frui,

323 3981 418 4053 unde
433 3982 536 4074 dejici
549 3984 659 4076 possit
673 3994 708 4054 et
722 4005 808 4055 vere
826 3983 892 4056 hoo
910 3985 988 4056 loco
1004 3984 1063 4056 ille
1082 3985 1240 4077 dejectus
1258 3996 1329 4055 est.

322 4104 360 4174 ln
380 4108 516 4177 Bucclrts
530 4128 600 4179 non
615 4109 687 4198 jam
705 4112 854 4204 θεομαχεῖ
863 4108 968 4206 (325)
984 4123 1108 4204 poeta3
1130 4110 1225 4181 idem
1241 4131 1346 4183 vero·
