3094 4970
670 435 769 500 ..93
790 467 829 484 ..

242 572 312 664 ing.
332 570 401 641 ino.
419 570 490 640 lab.
508 569 640 662 t038);
657 572 842 642 mortalium
861 593 948 644 vero
966 573 1087 644 nullius
1104 585 1259 646 ventura

243 693 504 790 praenuntiarffi
521 694 663 764 stultum
679 695 823 787 quidem
839 716 917 767 esse
934 697 1136 789 opinionem
1152 711 1255 772 exto·

251 840 329 889 rum
362 817 445 891 fisso
471 818 585 913 cupite
611 828 672 888 aut
699 817 821 889 alitum
852 819 971 892 volatu
1005 832 1066 892 aut
1094 822 1255 894 oscinum

240 954 349 1025 cautu
366 938 433 1035 (Ci.
453 941 635 1036 Xenoph„
656 942 754 1036 Apol.
775 945 882 1040 Soct'.‚
902 943 946 1012 43
959 969 968 1014 t
981 953 1041 1013 τῶν
1061 948 1253 1041 unicipites}

246 1069 446 1164 ἀνατιθέντῳν
479 1070 536 1141 τὴν
570 1076 631 1135 τῶν
660 1070 732 1135 θεῶν
762 1061 907 1163 δύναμιν)
935 1068 1005 1138 sata
1031 1090 1096 1139 sua
1127 1069 1257 1162 cuique

240 1202 406 1266 constare
434 1189 547 1286 (liet,
570 1189 641 1260 746
661 1203 697 1263 et
712 1191 782 1287 s.);
808 1214 873 1264 nec
892 1215 988 1267 verae
1012 1194 1152 1287 pietatis
1176 1217 1256 1267 esse

246 1338 288 1389 ea
319 1315 479 1409 insequi3
518 1316 649 1410 optime
685 1316 871 1388 consulere
904 1339 975 1390 uon
1013 1340 1094 1390 eum
1131 1318 1257 1411 quiin

243 1443 342 1513 fumo
370 1462 548 1513 sacrorum
578 1451 614 1512 et
640 1441 899 1534 interrogandis
927 1432 1115 1514 flammulis
1143 1453 1257 1515 cesset

246 1564 352 1659 (net,
375 1564 523 1655 rocus.
540 1566 588 1657 fg.
604 1566 689 1654 roo,
709 1566 802 1635 tour
816 1577 852 1638 et
868 1564 990 1661 soso),
1008 1568 1070 1638 sen
1091 1568 1152 1660 qui
1170 1567 1256 1640 neos

245 1695 282 1766 iu
317 1695 478 1767 iaciendo
506 1707 582 1766 oret
610 1693 810 1783 laudanda,
834 1706 940 1788 atque
966 1696 1189 1789 prudentiam
1216 1717 1257 1768 uc

241 1821 412 1913 justitium
435 1820 618 1912 sequendo
641 1819 719 1891 illos
750 1820 818 1891 sibi
842 1821 1024 1911 conciliet3
1050 1843 1154 1893 veros
1174 1821 1254 1916 qui·

238 1944 326 2016 dem
351 1956 450 2017 vates
470 1944 587 2015 forsan
613 1944 697 2016 olim
715 1944 823 2015 luisse
849 1965 1000 2038 quorum
1024 1945 1190 2039 pietatem
1218 1956 1256 2017 et

241 2079 369 2140 natura
389 2068 650 2141 informavisset
665 2080 701 2141 et
719 2069 884 2141 voluntas
896 2070 1126 2158 servavisset,
1141 2070 1251 2142 menti

243 2204 361 2266 nutem
406 2193 607 2265 subsideret
657 2215 824 2286 maguum
870 2195 1019 2286 justitian
1061 2194 1255 2265 sacrarium

245 2321 352 2415 (Hel,
383 2319 452 2389 998
485 2330 520 2391 et
555 2317 626 2415 s.);
655 2320 809 2392 hariolos
837 2342 944 2410 vero,
970 2322 1046 2394 sola
1071 2320 1255 2392 homiuum

238 2444 453 2517 credulitate
471 2446 592 2533 iratos,
614 2456 752 2539 quaestu
769 2455 830 2516 aut
851 2444 994 2517 sordida
1014 2444 1131 2539 aliqua
1149 2464 1256 2516 causa

243 2571 361 2643 omnia
383 2570 556 2662 dirigere,
580 2581 615 2640 et
640 2569 707 2640 sibi
734 2571 893 2662 ignorata
919 2581 1073 2643 tortuose
1097 2566 1255 2663 proferre
1323 2641 1327 2647 .

242 2692 325 2791 (lug.
347 2695 416 2764 969
436 2705 471 2766 et
490 2691 592 2790 788).
611 2694 647 2765 Si
668 2695 747 2787 quis
763 2716 886 2766 eorum
907 2717 1014 2773 verus
1033 2694 1092 2780 sit,
1109 2715 1254 2766 necesso

236 2842 321 2892 esse
342 2831 377 2892 et
398 2842 468 2892 non
490 2821 654 2891 credatur
673 2820 705 2891 ei
728 2819 813 2915 (lrg.
838 2817 901 2915 63)
919 2829 955 2890 et
972 2820 1018 2892 sit
1036 2819 1254 2891 miserrimus

240 2941 390 3039 (Pleu,
413 2945 498 3033 955,
519 2946 565 3018 oi.
586 2946 654 3037 lrg.
679 2943 780 3042 630),
795 2945 893 3040 quod
906 2966 993 3016 sane
1011 2965 1150 3017 summu
1163 2963 1255 3031 ,curu

238 3069 404 3162 lugiunt;
426 3071 535 3142 verbu
570 3093 655 3164 ergo
686 3070 765 3144 illos
794 3071 901 3158 dane,
931 3072 1067 3142 fumum
1103 3069 1254 3141 inhianti

243 3196 382 3290 popello
411 3197 590 3292 vendere,
618 3197 735 3269 omniu
764 3198 921 3284 nescire,
949 3198 1058 3267 multa
1086 3198 1250 3287 ellutire,

242 3317 376 3414 fingere
403 3322 572 3415 plurima,
605 3322 782 3393 subtiliter
811 3322 897 3393 citra
930 3320 1089 3392 humauii
1118 3320 1252 3413 ingenii

239 3444 338 3517 uires
351 3446 470 3539 aliqua
489 3446 665 3537 conjicere
679 3443 749 3542 (i),
767 3445 858 3517 hauc
872 3468 951 3518 esse
969 3466 1143 3516 summam
1159 3445 1252 3518 divi-

238 3570 410 3642 nationis.
424 3570 472 3642 Eu
485 3568 603 3643 autem
615 3571 681 3641 fuit
695 3570 750 3641 his
765 3572 866 3663 aunis
883 3571 973 3642 mala
989 3569 1129 3662 generis
1146 3570 1252 3642 totius

280 3795 315 3869 (l)
330 3797 397 3868 Frg.
410 3800 472 3855 944.
483 3798 558 3855 Illud
569 3798 775 3872 Bernhardyus
785 3801 867 3855 aliter
876 3801 1091 3872 interpretatur,
1100 3800 1130 3857 G.
1146 3803 1185 3865 t„
1196 3798 1251 3864 III,

242 3914 273 3968 p.
285 3897 353 3961 499,
372 3914 486 3953 meeum
496 3899 566 3954 facit
580 3898 718 3954 Pabstius
731 3898 767 3952 de
780 3898 837 3954 diis
850 3914 1025 3969 graecorum,
1036 3903 1105 3969 eto,
1116 3916 1145 3970 p.
1157 3898 1184 3955 3.
1195 3898 1256 3954 Ad·

238 4002 323 4052 uerte
334 3996 363 4052 in
375 3996 540 4054 decidendis
549 4013 650 4053 eorum
660 3997 765 4069 siquid
775 3998 944 4053 erraverunt
953 3998 1192 4054 excusationibus
1203 3999 1255 4054 mi·

238 4110 306 4150 ram
317 4093 464 4169 Euripidis
477 4098 556 4169 (Hel,
564 4096 626 4171 752)
637 4102 667 4153 et
673 4077 879 4169 Aristophanis
892 4099 978 4168 (loos,
986 4097 1050 4167 965)
1057 4096 1254 4155 concordium.
