3056 4976
628 452 768 517 ..3-

195 598 342 691 ipsaque
369 582 562 686 tragoedia,
588 593 674 664 satis
698 593 745 663 sit
769 593 1053 666 animadvertere
1075 617 1200 668 oracu-

193 722 309 793 lorum
346 719 478 789 nnllam
514 727 575 787 ant
610 726 705 789 certe
742 718 956 788 rarissimam
990 721 1203 792 mentionem

196 845 298 932 fieri,
325 845 426 936 signa
452 863 540 914 vero
567 862 587 912 a
616 841 671 912 dis
697 842 805 913 missa
829 853 864 912 et
893 843 1045 935 plurima
1068 865 1147 916 esse
1171 854 1207 916 et

196 981 266 1040 tam
286 967 379 1038 clara
399 988 440 1037 ao
455 953 646 1036 ¹manifesta
666 975 704 1035 ut
722 966 909 1036 servandis
927 966 970 1038 iis
987 967 1083 1038 nullo
1101 989 1205 1061 peon·

85 1096 91 1108 '
197 1093 272 1163 liari
293 1093 484 1185 interprete
497 1112 587 1184 opus
597 1091 662 1180 sit,
670 1092 851 1184 plurimum
861 1102 979 1162 autem
990 1094 1205 1163 interutrom-

195 1241 256 1308 que
271 1239 389 1311 poema
411 1221 560 1286 interesse
579 1212 647 1310 (i),
670 1238 780 1308 quum
805 1215 899 1286 illius
917 1217 1011 1309 qnod
1034 1217 1125 1288 inter
1143 1216 1206 1289 ho·

197 1343 310 1413 mines
345 1341 502 1434 deosque
536 1361 639 1434 paene
682 1340 841 1410 naturale
883 1352 959 1411 erat
1004 1341 1207 1413 commercii

197 1489 348 1559 genere,
378 1477 451 1537 tum
481 1476 602 1536 vatum
639 1485 788 1536 numero
819 1474 854 1534 et
886 1464 1005 1537 indole
1036 1477 1071 1537 et
1101 1488 1207 1558 quam

197 1593 372 1693 sapiebant
396 1590 479 1662 fide.
505 1630 550 1645 -
576 1589 715 1660 Iliadem
740 1590 834 1660 enim
858 1589 989 1683 legenti
1016 1603 1209 1663 occurrunt

197 1719 343 1790 deorum
364 1726 438 1787 tum
456 1702 584 1809 epulae,
605 1724 732 1801 emtus,
754 1736 959 1803 sermones,
979 1723 1052 1785 tum
1074 1715 1209 1787 discor-

199 1843 281 1930 diae,
305 1863 455 1934 pugnae,
476 1841 624 1912 vulnera
648 1850 755 1933 atque
778 1840 851 1910 vita
873 1841 986 1911 omnis
1005 1841 1098 1912 inter
1114 1862 1209 1913 mor·

198 1969 286 2040 tales
304 1978 394 2039 aeta.
420 1966 450 2037 A
470 1967 524 2038 dis
541 1988 631 2059 quos
650 1967 842 2037 somniavit
858 1965 1049 2059 Epicurus,
1072 1965 1109 2036 hi
1129 1967 1207 2060 qni·

199 2093 280 2164 dem
301 2095 446 2164 omnino
471 2091 604 2162 diversi
626 2113 807 2183 nunqnam
833 2113 903 2162 non
921 2101 1031 2184 agunt
1046 2090 1206 2184 aliquid,

200 2229 235 2287 et
252 2226 379 2311 praeter
398 2216 511 2287 solum
528 2215 651 2286 Jovem
668 2211 876 2310 (Naegelsb.,
896 2238 932 2308 p.
955 2214 1041 2311 436)
1060 2216 1096 2283 in
1116 2226 1208 2286 terra

199 2353 392 2434 praesentes
416 2343 461 2412 ad
488 2362 594 2412 omne
630 2350 768 2434 tempus
795 2341 847 2411 sio
876 2352 1000 2412 curant
1031 2341 1207 2430 mortalia,

199 2478 238 2537 ut
252 2469 324 2559 jam
344 2466 532 2538 universus
552 2489 622 2538 non
647 2488 752 2558 quem
779 2466 923 2537 volebat
948 2467 1069 2537 Cicero
1094 2462 1208 2561 (Lep,

200 2591 274 2680 1,7,
288 2589 352 2686 23)
367 2592 532 2680 mundus,
555 2591 619 2661 sed
634 2590 730 2661 orbis
751 2601 855 2661 terrae
872 2601 934 2660 ant
952 2590 1070 2684 potius
1090 2591 1207 2684 Troja,

199 2737 269 2786 una
289 2716 413 2786 civitas
432 2717 628 2787 eommunis
656 2715 803 2789 deorum
826 2728 932 2808 atque
955 2715 1139 2788 hominnm
1164 2718 1209 2789 sit

198 2839 449 2912 existimanda.
479 2840 625 2910 Vatibus
656 2840 705 2909 ibi
738 2840 801 2910 vix
831 2849 886 2910 est
920 2840 1047 2932 aliquis
1084 2840 1207 2931 loeus,

200 2964 367 3057 quoniam
382 2964 515 3054 utalia,
536 2964 705 3058 praeclare
724 2986 852 3057 agere,
874 2985 1046 3059 pugnare,
1066 2986 1207 3054 canere,

198 3090 405 3179 immolare,
425 3090 476 3162 sie
494 3090 657 3162 divinare
677 3091 797 3182 regale
824 3100 889 3161 est.
911 3090 988 3162 Non
1005 3091 1123 3184 piures
1143 3090 1209 3182 igi-

200 3224 259 3284 tur
277 3215 417 3287 dnobus
442 3227 542 3288 vates
569 3215 796 3302 invenimus,
819 3236 928 3285 nnnm
948 3236 966 3285 a
984 3215 1114 3286 Graecis
1132 3214 1217 3285 Cal-'

199 3337 378 3429 chantem,
400 3340 462 3433 qni
481 3349 556 3411 arte
573 3360 638 3410 sna
656 3349 845 3412 contentus
858 3340 1037 3435 pugnandi
1053 3339 1209 3411 laborem

199 3463 281 3534 aliis
298 3462 490 3557 relinquit,
524 3464 673 3536 alterum
700 3486 721 3534 a
749 3464 907 3555 Trojanis
932 3465 1124 3554 Helenum,
1149 3466 1209 3557 qui

199 3586 281 3658 aliis
300 3587 450 3658 ducibus
470 3610 541 3660 non
560 3588 742 3660 dissimilis
757 3590 853 3680 quod
878 3588 988 3659 suasit
1009 3589 1085 3682 ipse
1104 3586 1209 3682 perfi-

200 3710 251 3780 oit
270 3705 298 3800 (ζ
317 3710 417 3800 75,ν.
429 3711 514 3802 576,
526 3712 612 3803 784,
627 3710 788 3809 ete.);ac
806 3713 1210 3786 velsermonesdeornm

240 3994 278 4062 (t)
296 3989 578 4066 comparationem
595 3994 652 4051 sibi
665 3995 815 4053 interdixit
832 3994 993 4068 Nagelsb.‚
1019 3996 1095 4053 Hom.
1122 3998 1208 4056 rteot.

206 4092 298 4157 Ver-r,
310 4109 340 4165 p.
356 4109 396 4150 rx.
