3094 4970
755 463 917 526 ..ss-

328 613 379 675 tot
394 605 586 698 spoliorum
605 603 786 698 opulentia
804 603 1037 675 circumtusus
1056 613 1092 674 et
1113 604 1206 673 viam
1223 603 1347 673 multis

328 731 486 803 uestibus
502 751 728 826 purpuraque
745 737 892 800 stratam
911 730 1130 820 ingreditur,
1147 751 1252 800 senes
1269 751 1343 800 nou

327 856 575 950 triumphantis
583 855 767 927 victoriam
781 854 840 924 uel
851 853 1055 925 felicitatem
1064 874 1186 925 veram
1202 864 1342 946 putant,

327 980 398 1053 imo
414 1003 523 1074 quum
539 981 693 1051 maxime
707 989 882 1050 metuunt.
897 978 1026 1050 Eorum
1042 980 1199 1050 animum
1220 980 1345 1051 neseio

328 1106 413 1199 quid
441 1106 579 1177 scelesti
603 1114 834 1198 augurantem
859 1104 955 1175 subit
980 1105 1137 1176 dirorum
1163 1126 1261 1176 more
1287 1105 1345 1173 iu·

327 1231 543 1303 somniorum
563 1231 716 1302 invictus
735 1230 859 1318 timor,
882 1240 988 1322 atque
1006 1250 1110 1301 aures
1127 1229 1250 1322 implet
1265 1250 1345 1299 uar-

329 1376 409 1426 meu
428 1355 606 1449 quoddam
626 1354 819 1450 injussum,
836 1375 952 1446 neque
970 1355 1083 1447 pretio
1098 1353 1171 1424 ullo
1191 1354 1343 1445 dignum

329 1503 444 1575 neque
464 1502 612 1575 usquam
639 1481 824 1552 vitandum
845 1479 937 1572 (979
959 1489 1147 1575 μαντιπολεῖ
1166 1474 1346 1549 dolatum·

328 1636 380 1687 τος
398 1606 522 1702 ἄμισθος
542 1602 665 1702 ἀοιδά).
686 1607 822 1699 Nempe
840 1607 876 1675 iu
897 1627 940 1677 eo
964 1616 1018 1677 est
1036 1606 1121 1676 felix
1146 1604 1207 1674 ille
1231 1606 1350 1675 vietor

330 1742 368 1801 ut
386 1732 560 1804 oecultum
579 1730 766 1825 scopulum
779 1731 938 1802 olleudut
954 1728 987 1824 (l
998 1729 1095 1820 007).
1111 1729 1178 1813 Qui
1194 1729 1253 1815 sit,
1275 1750 1347 1802 nou

329 1854 453 1927 dieunt
464 1910 474 1945 ,
491 1856 554 1927 sed
573 1856 715 1927 vident.

378 1978 461 2051 Haeo
479 1988 532 2051 est
551 1980 666 2051 omnis
682 1980 781 2052 chori
800 1979 937 2053 indoles
956 1989 992 2050 et
1007 1980 1116 2068 aoti03
1138 2000 1244 2072 aquo
1256 1979 1348 2049 nihil

329 2103 426 2175 aliud
446 2114 568 2198 postea
586 2104 710 2176 audies
721 2126 826 2198 quam
843 2127 1025 2176 sermones
1044 2105 1101 2176 vel
1116 2104 1233 2198 potius
1249 2124 1349 2174 acer-

331 2230 437 2300 rimas
456 2250 536 2298 oum
553 2206 820 2323 sslytemnaestra
840 2238 875 2299 et
894 2228 1053 2321 AEgistho
1084 2227 1347 2300 altereationes.

331 2352 405 2424 lam
435 2373 520 2424 vero
552 2352 647 2423 hune
675 2353 807 2446 excipit
833 2353 949 2426 altera·
966 2374 1116 2448 persona
1148 2352 1194 2423 ad
1223 2361 1352 2424 exacta

331 2476 621 2567 memorandum,
642 2480 760 2550 lutura
780 2480 1059 2573 providendum,
1081 2479 1231 2550 obseura
1249 2500 1351 2549 scru-

331 2605 496 2690 tandum,
517 2604 635 2677 omnia
646 2605 771 2675 ordine
782 2606 1066 2699 persequendum
1085 2605 1196 2676 multo
1213 2606 1342 2699 aptior,

330 2752 392 2802 ore
411 2729 613 2818 ardentior,
636 2730 768 2802 diviuae
787 2731 1001 2816 voluntatis,
1025 2743 1062 2802 ut
1081 2742 1181 2802 vates
1200 2728 1270 2826 (l),
1293 2731 1346 2800 iu·

332 2865 465 2947 terpres
496 2853 640 2940 melior,
669 2855 887 2925 Cassandrum
913 2855 1006 2927 dieo.
1036 2855 1345 2939 Quemadmodum

331 2983 366 3052 iu
377 2984 484 3052 Persis
500 2982 546 3051 ad
562 2982 663 3052 Darii
678 2983 802 3072 verba,
814 2983 862 3054 ita
875 2984 932 3054 hio
948 2984 993 3055 ad
1012 2985 1209 3055 Cassandrae
1227 2983 1346 3056 omnis

331 3106 448 3176 fabula
477 3118 645 3198 tanquam
671 3106 717 3177 ad
744 3117 878 3178 eertum
910 3107 1016 3178 finem
1045 3109 1221 3200 dirigitur.
1254 3107 1347 3178 Hine

330 3229 430 3301 velut
444 3253 465 3301 e
478 3231 621 3324 specula
641 3231 677 3301 iu
697 3242 804 3303 totam
819 3254 892 3304 rem
908 3244 1113 3327 prospectus
1131 3242 1241 3327 patet,
1255 3242 1292 3303 et
1307 3232 1347 3302 iu

331 3354 504 3440 fabulam,
526 3355 598 3427 imo
614 3355 650 3426 iu
668 3357 840 3448 trilogiam
857 3357 958 3430 lirmo
973 3360 1085 3450 gradu
1097 3358 1343 3429 descenditur.

329 3477 538 3550 Vaticinatio
558 3480 633 3574 ipsa
651 3478 846 3553 Calchantis
870 3483 1018 3574 augurio
1043 3492 1240 3576 praeparata
1264 3491 1345 3571 est3

330 3603 521 3698 Iphigeniae
543 3607 710 3678 memoria
730 3608 864 3702 duplex
889 3610 1004 3680 caedes
1025 3620 1059 3680 et
1078 3611 1172 3702 regis
1197 3618 1234 3679 et
1259 3630 1346 3704 cap·

330 3731 413 3802 tivae
441 3732 732 3824 portendebatur.
760 3734 802 3805 llt
827 3735 862 3806 iu
886 3734 952 3805 hae
978 3745 1135 3806 extrema
1163 3736 1349 3829 sequeuti-

329 3855 467 3948 busque
485 3856 626 3948 sabulis,
645 3881 750 3952 quam
775 3860 898 3933 doloso
917 3871 952 3932 et
970 3861 1193 3954 suspicamur
1223 3872 1259 3932 et
1287 3862 1348 3930 vi·

365 4115 404 4188 (l)
424 4116 538 4186 Girard,
554 4118 706 4176 Sentiment
720 4123 865 4191 rettulerim,
883 4120 945 4187 507,
963 4122 1000 4177 ol.
1016 4121 1078 4177 473.
