3056 4976
745 469 886 530 ..6-

310 632 426 704 neque
445 610 553 679 ullam
573 609 619 679 de
638 607 770 679 divinis
790 607 897 679 rebus
918 608 1116 680 doctrinam
1142 612 1323 709 professus

309 748 388 825 est,
415 756 531 826 neque
555 733 652 826 quod
679 732 823 826 plurimi
851 734 910 804 vel
931 734 1026 828 apud
1049 746 1189 808 veteres
1203 737 1323 830 opina·

308 864 436 933 bantur
455 862 520 931 fuit
535 858 846 954 Pythagoricorum
864 855 921 954 (l)
940 861 998 930 vel
1012 861 1238 956 orphioorum
1250 861 1321 960 (2),

308 997 346 1057 ut
364 987 502 1082 opinor,
523 982 717 1078 discipulus
736 980 805 1079 (3)
832 981 1058 1055 Credendum
1083 988 1229 1060 omnino
1254 991 1324 1058 aul

309 1115 375 1183 lam
397 1116 429 1181 et'
445 1111 608 1204 placuisse
626 1118 769 1194 sectum5
788 1107 1039 1201 legendosque
1059 1121 1113 1181 est
1139 1110 1199 1209 ille
1224 1113 1325 1184 velut

302 1240 380 1331 pius
405 1246 494 1306 votes
522 1231 578 1329 (l)
599 1233 661 1327 qui
684 1230 813 1303 tradita
833 1244 1007 1325 quantum
1030 1236 1143 1327 potuit
1163 1236 1321 1327 retinuit,

307 1383 377 1433 non
392 1381 503 1455 pauca
516 1358 684 1446 correxit,
701 1358 852 1451 plurima
862 1379 945 1429 sese
965 1358 1131 1450 ignorare
1146 1381 1212 1432 neo
1228 1382 1324 1453 aegre

307 1486 387 1556 tulit
405 1506 471 1555 nec
489 1482 726 1554 dissimulavit
740 1478 816 1576 (5);
836 1492 871 1551 et
887 1481 1135 1555 mediocritate
1152 1483 1323 1556 doctrlnae
1392 1486 1395 1493 ’

305 1620 505 1705 contentus,
526 1607 649 1701 patriae
667 1628 789 1677 amans
809 1607 961 1700 ejusque
980 1608 1166 1701 religione,
1183 1609 1333 1701 legibus.

304 1756 346 1806 ao
366 1733 485 1820 laude,
506 1732 578 1803 imo
592 1731 787 1828 praesertim
807 1731 952 1824 ingenio
971 1754 1037 1805 suo
1052 1734 1177 1822 fretus,
1196 1735 1231 1803 in
1243 1735 1319 1807 solo

304 1879 505 1953 quanquam
523 1856 700 1927 interdum
716 1856 850 1927 lubrico
871 1857 1127 1951 pulcherrimas
1152 1859 1316 1955 fabulata,

304 1985 400 2079 quod
420 1983 486 2054 luit
504 1984 580 2074 ejus
594 1982 776 2076 proprium
794 2003 900 2079 opus,
923 1983 1126 2054 lelicissime
1143 1985 1318 2055 fundavit.

303 2110 374 2182 Nec
395 2131 460 2181 nos
488 2109 585 2178 sallat
610 2107 668 2178 vel
690 2107 749 2176 illa
766 2106 988 2199 plurimarum
1004 2130 1113 2178 rerum
1128 2101 1321 2200 lquoruult'o'

303 2255 409 2326 quam
427 2233 657 2320 admiramur,
680 2230 879 2324 aequalibus
899 2231 989 2321 suis,
1007 2233 1068 2324 qui
1084 2232 1171 2302 nihil
1186 2233 1317 2304 subtile

302 2358 338 2428 in
358 2358 428 2428 illis
452 2358 558 2428 rebus
575 2356 783 2450 quaerebant
799 2378 916 2450 neque
932 2357 1129 2451 quidquam
1148 2358 1235 2428 utile
1253 2368 1317 2428 aut

302 2481 542 2555 necessarium
578 2502 617 2550 se
654 2481 777 2573 lugere
812 2480 1072 2575 opinabantur,
1111 2482 1315 2578 AEschylum

176 2680 180 2685 ,
302 2607 504 2701 praeivisse;
529 2605 665 2675 nescire
692 2603 811 2698 aliqua
834 2605 981 2676 scientia
1007 2605 1171 2699 quaedam
1197 2606 1234 2676 in
1253 2605 1314 2678 illo

301 2731 379 2803 fuit.
407 2729 578 2813 —Quod
601 2729 633 2799 si
659 2739 774 2823 poetae
797 2729 954 2800 indolem
977 2729 1206 2823 laboremque
1232 2752 1315 2824 pro-

301 2855 415 2949 prium
441 2854 654 2925 adumbrare
679 2853 861 2940 volemus,
890 2855 1076 2948 apparebit
1094 2857 1199 2926 simul
1218 2856 1314 2933 illius

339 3139 373 3204 111
391 3135 463 3205 Ciu,
483 3138 605 3208 Tuscul,
620 3134 658 3202 H,
677 3136 720 3202 10,
736 3135 783 3193 23.
809 3134 892 3194 Conl.
908 3136 1026 3208 Haym„
1050 3141 1087 3196 Da
1100 3154 1197 3196 raum
1210 3142 1311 3207 deuio„

298 3253 327 3308 p.
344 3236 377 3292 15
392 3240 421 3290 et
436 3252 480 3301 s.;
496 3241 525 3289 ct
538 3233 662 3306 Dinges‚
679 3236 716 3289 Dc
730 3235 800 3301 dio..
816 3252 846 3308 p.
862 3236 889 3290 7.
911 3234 1021 3291 Contra
1039 3235 1211 3309 Athenaeus,
1228 3237 1310 3305 VIII,

255 3390 265 3401 ,
300 3332 362 3399 347,
374 3332 409 3399 E,
422 3333 552 3398 φιλόσοφος
565 3333 592 3383 δὲ
607 3331 636 3393 ἦν
650 3335 700 3382 τῶν
715 3332 777 3383 πάνυ
793 3334 947 3398 ὁΑἰσχύλος.

336 3431 373 3502 (l)
390 3430 506 3504 Haym.,
522 3431 542 3485 1.
557 3446 595 3498 e.‚
608 3448 639 3503 p.
653 3428 698 3485 20.
715 3428 916 3495 Bouterweek,
931 3432 968 3485 be
980 3433 1097 3501 justitio
1111 3433 1215 3500 fatali,
1231 3450 1259 3504 p.
1276 3432 1311 3489 26

297 3536 366 3585 ets.
382 3528 489 3584 Contra
503 3527 622 3597 Girard,
638 3528 869 3600 Senttm.rt1.‚2p.
883 3529 932 3583 111
945 3536 974 3584 et
988 3545 1024 3595 s.,
1038 3536 1067 3586 et
1078 3535 1185 3593 notam,
1201 3548 1230 3602 p.
1247 3530 1309 3587 529.

334 3625 371 3697 (3)
382 3624 494 3680 Deesse
502 3625 579 3697 apud
589 3623 762 3697 AEschylum
772 3626 849 3681 illam
859 3627 1035 3697 quammulti
1041 3634 1174 3698 quaerunt
1182 3627 1313 3700 discipli-

298 3740 374 3791 nam,
384 3729 485 3780 notant
493 3722 621 3790 Dronlre,
637 3724 769 3789 Vorslell„
780 3740 809 3795 p.
822 3718 867 3789 56,
879 3731 908 3781 et
917 3724 1098 3798 Bernhardy,
1106 3743 1134 3798 p.
1145 3726 1197 3784 218
1208 3732 1237 3782 et
1245 3726 1309 3782 160.

337 3823 370 3891 tl)
380 3822 496 3879 Nimius
505 3829 551 3879 est
565 3823 629 3879 sine
643 3821 731 3877 dubio
742 3821 884 3896 Haymius
894 3840 984 3896 quum
995 3828 1034 3897 (p.
1051 3823 1096 3893 60)
1109 3824 1257 3899 religionis
1263 3825 1311 3881 in-

297 3921 395 3978 limam
411 3921 489 3994 apud
509 3920 682 3994 AEsohylum
702 3921 898 3979 conditionem
921 3923 992 3980 dicit
1011 3939 1134 3995 eamque
1158 3930 1248 3981 totam
1261 3941 1312 4005 xex

296 4018 380 4090 poesi
394 4017 531 4090 pendere.
1269 4036 1271 4041 ‘

332 4115 369 4190 15)
382 4114 561 4191 Bernhardy,
576 4119 614 4175 Dc
627 4118 790 4178 Prometheo
803 4119 913 4189 sebum,
931 4138 960 4193 p.
976 4119 1040 4179 169.
