<?xml version="1.0" encoding="UTF-8"?>
<!DOCTYPE html PUBLIC "-//W3C//DTD XHTML 1.0 Transitional//EN"
    "http://www.w3.org/TR/xhtml1/DTD/xhtml1-transitional.dtd">
<html xmlns="http://www.w3.org/1999/xhtml" xml:lang="en" lang="en">
 <head>
  <title>
</title>
<meta http-equiv="Content-Type" content="text/html;charset=utf-8" />
  <meta name='ocr-system' content='tesseract 3.04.00' />
  <meta name='ocr-capabilities' content='ocr_page ocr_carea ocr_par ocr_line ocrx_word'/>
</head>
<body>
  <div class='ocr_page' id='page_1' title='image "./devaticinatione00lillgoog_0094.png"; bbox 0 0 3094 4970; ppageno 0'>
   <div class='ocr_carea' id='block_1_1' title="bbox 680 511 840 576">
    <p class='ocr_par' dir='ltr' id='par_1_1' title="bbox 680 511 840 576">
     <span class='ocr_line' id='line_1_1' title="bbox 680 511 840 576; baseline 0.006 -18"><span class='ocrx_word' id='word_1_1' title='bbox 680 511 840 576; x_wconf 68' lang='lat'>„73-</span> 
     </span>
    </p>
   </div>
   <div class='ocr_carea' id='block_1_2' title="bbox 252 618 1273 3742">
    <p class='ocr_par' dir='ltr' id='par_1_2' title="bbox 252 618 1266 1119">
     <span class='ocr_line' id='line_1_2' title="bbox 252 618 1265 743; baseline 0.005 -25"><span class='ocrx_word' id='word_1_2' title='bbox 252 669 333 718; x_wconf 90' lang='lat' dir='ltr'>mur</span> <span class='ocrx_word' id='word_1_3' title='bbox 346 669 416 741; x_wconf 88' lang='lat' dir='ltr'>qua</span> <span class='ocrx_word' id='word_1_4' title='bbox 434 657 509 719; x_wconf 89' lang='lat' dir='ltr'>arte</span> <span class='ocrx_word' id='word_1_5' title='bbox 529 618 646 719; x_wconf 82' lang='lat' dir='ltr'>ldtnra</span> <span class='ocrx_word' id='word_1_6' title='bbox 666 648 779 720; x_wconf 90' lang='lat' dir='ltr'>soleat</span> <span class='ocrx_word' id='word_1_7' title='bbox 798 648 859 720; x_wconf 92' lang='lat' dir='ltr'>ille</span> <span class='ocrx_word' id='word_1_8' title='bbox 879 650 1099 743; x_wconf 77' lang='lat' dir='ltr'>praesentire.</span> <span class='ocrx_word' id='word_1_9' title='bbox 1121 652 1265 723; x_wconf 91' lang='lat' dir='ltr'>lnduci·</span> 
     </span>
     <span class='ocr_line' id='line_1_3' title="bbox 253 773 1262 867; baseline 0.004 -22"><span class='ocrx_word' id='word_1_10' title='bbox 253 786 311 845; x_wconf 91' lang='lat' dir='ltr'>tur</span> <span class='ocrx_word' id='word_1_11' title='bbox 331 794 443 846; x_wconf 81' lang='lat' dir='ltr'><strong>senex</strong></span> <span class='ocrx_word' id='word_1_12' title='bbox 464 794 593 863; x_wconf 86' lang='lat' dir='ltr'>caecus,</span> <span class='ocrx_word' id='word_1_13' title='bbox 621 773 766 846; x_wconf 90' lang='lat' dir='ltr'>omnino</span> <span class='ocrx_word' id='word_1_14' title='bbox 791 773 933 867; x_wconf 86' lang='lat' dir='ltr'>sapiens</span> <span class='ocrx_word' id='word_1_15' title='bbox 954 775 990 846; x_wconf 95' lang='lat' dir='ltr'>ni</span> <span class='ocrx_word' id='word_1_16' title='bbox 1011 776 1195 848; x_wconf 86' lang='lat' dir='ltr'>lacessitus</span> <span class='ocrx_word' id='word_1_17' title='bbox 1216 777 1262 850; x_wconf 89' lang='lat' dir='ltr'>ad</span> 
     </span>
     <span class='ocr_line' id='line_1_4' title="bbox 253 899 1266 993; baseline 0.002 -23"><span class='ocrx_word' id='word_1_18' title='bbox 253 899 478 970; x_wconf 91' lang='lat' dir='ltr'>irascendum</span> <span class='ocrx_word' id='word_1_19' title='bbox 508 910 578 970; x_wconf 89' lang='lat' dir='ltr'>tam</span> <span class='ocrx_word' id='word_1_20' title='bbox 607 908 790 993; x_wconf 89' lang='lat' dir='ltr'>promptus</span> <span class='ocrx_word' id='word_1_21' title='bbox 810 908 922 989; x_wconf 84' lang='lat' dir='ltr'>esset3</span> <span class='ocrx_word' id='word_1_22' title='bbox 949 900 1045 993; x_wconf 89' lang='lat' dir='ltr'>quod</span> <span class='ocrx_word' id='word_1_23' title='bbox 1071 912 1187 973; x_wconf 74' lang='lat' dir='ltr'>wmen</span> <span class='ocrx_word' id='word_1_24' title='bbox 1214 901 1266 972; x_wconf 81' lang='lat' dir='ltr'>ia·</span> 
     </span>
     <span class='ocr_line' id='line_1_5' title="bbox 254 1022 650 1119; baseline -0.003 -23"><span class='ocrx_word' id='word_1_25' title='bbox 254 1024 349 1097; x_wconf 87' lang='lat' dir='ltr'>bulae</span> <span class='ocrx_word' id='word_1_26' title='bbox 367 1046 437 1096; x_wconf 94' lang='lat' dir='ltr'>non</span> <span class='ocrx_word' id='word_1_27' title='bbox 458 1035 561 1097; x_wconf 89' lang='lat' dir='ltr'>nocet</span> <span class='ocrx_word' id='word_1_28' title='bbox 582 1022 650 1119; x_wconf 92' lang='lat' dir='ltr'>(l).</span> 
     </span>
    </p>

    <p class='ocr_par' dir='ltr' id='par_1_3' title="bbox 253 1149 1266 1368">
     <span class='ocr_line' id='line_1_6' title="bbox 302 1149 1266 1244; baseline 0.003 -22"><span class='ocrx_word' id='word_1_29' title='bbox 302 1149 427 1222; x_wconf 85' lang='lat' dir='ltr'><strong>Verbis</strong></span> <span class='ocrx_word' id='word_1_30' title='bbox 455 1169 542 1222; x_wconf 87' lang='lat' dir='ltr'>vero</span> <span class='ocrx_word' id='word_1_31' title='bbox 575 1150 651 1239; x_wconf 90' lang='lat' dir='ltr'>ejus</span> <span class='ocrx_word' id='word_1_32' title='bbox 686 1149 743 1221; x_wconf 83' lang='lat' dir='ltr'>vel</span> <span class='ocrx_word' id='word_1_33' title='bbox 774 1149 890 1242; x_wconf 89' lang='lat' dir='ltr'>potius</span> <span class='ocrx_word' id='word_1_34' title='bbox 926 1170 1053 1221; x_wconf 86' lang='lat' dir='ltr'>scaenae</span> <span class='ocrx_word' id='word_1_35' title='bbox 1083 1152 1266 1244; x_wconf 89' lang='lat' dir='ltr'>utriusque</span> 
     </span>
     <span class='ocr_line' id='line_1_7' title="bbox 253 1272 912 1368; baseline -0.006 -22"><span class='ocrx_word' id='word_1_36' title='bbox 253 1274 500 1368; x_wconf 77' lang='lat' dir='ltr'>compositioni</span> <span class='ocrx_word' id='word_1_37' title='bbox 518 1274 628 1365; x_wconf 89' lang='lat' dir='ltr'>maj0r</span> <span class='ocrx_word' id='word_1_38' title='bbox 644 1293 730 1344; x_wconf 88' lang='lat' dir='ltr'>cura</span> <span class='ocrx_word' id='word_1_39' title='bbox 750 1272 912 1345; x_wconf 91' lang='lat' dir='ltr'>debetur.</span> 
     </span>
    </p>

    <p class='ocr_par' dir='ltr' id='par_1_4' title="bbox 255 1395 1273 3742">
     <span class='ocr_line' id='line_1_8' title="bbox 303 1395 1263 1492; baseline 0.003 -22"><span class='ocrx_word' id='word_1_40' title='bbox 303 1399 395 1471; x_wconf 89' lang='lat' dir='ltr'>Nibil</span> <span class='ocrx_word' id='word_1_41' title='bbox 417 1395 542 1492; x_wconf 82' lang='lat' dir='ltr'>OEdipo</span> <span class='ocrx_word' id='word_1_42' title='bbox 558 1402 644 1491; x_wconf 78' lang='lat' dir='ltr'>Repe</span> <span class='ocrx_word' id='word_1_43' title='bbox 661 1398 799 1492; x_wconf 88' lang='lat' dir='ltr'>planius</span> <span class='ocrx_word' id='word_1_44' title='bbox 817 1397 971 1470; x_wconf 77' lang='lat' dir='ltr'>ostendit</span> <span class='ocrx_word' id='word_1_45' title='bbox 987 1409 1158 1492; x_wconf 90' lang='lat' dir='ltr'>quantum</span> <span class='ocrx_word' id='word_1_46' title='bbox 1170 1400 1263 1473; x_wconf 85' lang='lat' dir='ltr'>inter</span> 
     </span>
     <span class='ocr_line' id='line_1_9' title="bbox 256 1523 1264 1619; baseline 0.004 -23"><span class='ocrx_word' id='word_1_47' title='bbox 256 1525 458 1619; x_wconf 82' lang='lat' dir='ltr'>AEscbylum</span> <span class='ocrx_word' id='word_1_48' title='bbox 468 1534 504 1595; x_wconf 90' lang='lat' dir='ltr'>et</span> <span class='ocrx_word' id='word_1_49' title='bbox 516 1523 724 1617; x_wconf 79' lang='lat' dir='ltr'>Sophoclem</span> <span class='ocrx_word' id='word_1_50' title='bbox 738 1523 774 1592; x_wconf 92' lang='lat' dir='ltr'>in</span> <span class='ocrx_word' id='word_1_51' title='bbox 788 1523 1100 1597; x_wconf 82' lang='lat' dir='ltr'>vaticinationibus</span> <span class='ocrx_word' id='word_1_52' title='bbox 1112 1525 1264 1600; x_wconf 90' lang='lat' dir='ltr'>intersit.</span> 
     </span>
     <span class='ocr_line' id='line_1_10' title="bbox 256 1647 1267 1743; baseline 0.004 -23"><span class='ocrx_word' id='word_1_53' title='bbox 256 1649 585 1743; x_wconf 87' lang='lat' dir='ltr'>Summamquidem</span> <span class='ocrx_word' id='word_1_54' title='bbox 602 1649 753 1720; x_wconf 89' lang='lat' dir='ltr'>intuenti</span> <span class='ocrx_word' id='word_1_55' title='bbox 768 1669 824 1720; x_wconf 90' lang='lat' dir='ltr'>res</span> <span class='ocrx_word' id='word_1_56' title='bbox 837 1647 961 1720; x_wconf 90' lang='lat' dir='ltr'>eadem</span> <span class='ocrx_word' id='word_1_57' title='bbox 975 1647 1032 1721; x_wconf 88' lang='lat' dir='ltr'>bic</span> <span class='ocrx_word' id='word_1_58' title='bbox 1046 1649 1103 1741; x_wconf 84' lang='lat' dir='ltr'>agi</span> <span class='ocrx_word' id='word_1_59' title='bbox 1120 1651 1267 1724; x_wconf 88' lang='lat' dir='ltr'>fortasse</span> 
     </span>
     <span class='ocr_line' id='line_1_11' title="bbox 255 1772 1268 1870; baseline 0.003 -23"><span class='ocrx_word' id='word_1_60' title='bbox 255 1776 434 1849; x_wconf 85' lang='lat' dir='ltr'>videbitur</span> <span class='ocrx_word' id='word_1_61' title='bbox 451 1796 532 1868; x_wconf 75' lang='lat' dir='ltr'>quae</span> <span class='ocrx_word' id='word_1_62' title='bbox 551 1775 587 1844; x_wconf 90' lang='lat' dir='ltr'>in</span> <span class='ocrx_word' id='word_1_63' title='bbox 602 1772 882 1866; x_wconf 83' lang='lat' dir='ltr'>Agamemnone,</span> <span class='ocrx_word' id='word_1_64' title='bbox 894 1774 1063 1867; x_wconf 90' lang='lat' dir='ltr'>quoniam</span> <span class='ocrx_word' id='word_1_65' title='bbox 1077 1775 1268 1870; x_wconf 82' lang='lat' dir='ltr'>utrobique</span> 
     </span>
     <span class='ocr_line' id='line_1_12' title="bbox 255 1898 1266 1995; baseline 0.002 -24"><span class='ocrx_word' id='word_1_66' title='bbox 255 1909 432 1995; x_wconf 89' lang='lat' dir='ltr'>spectatur</span> <span class='ocrx_word' id='word_1_67' title='bbox 445 1899 667 1970; x_wconf 87' lang='lat' dir='ltr'>celerrimum</span> <span class='ocrx_word' id='word_1_68' title='bbox 681 1898 810 1969; x_wconf 88' lang='lat' dir='ltr'>summi</span> <span class='ocrx_word' id='word_1_69' title='bbox 832 1898 925 1990; x_wconf 79' lang='lat' dir='ltr'>regis</span> <span class='ocrx_word' id='word_1_70' title='bbox 942 1900 1179 1991; x_wconf 81' lang='lat' dir='ltr'>naufragium.</span> <span class='ocrx_word' id='word_1_71' title='bbox 1196 1900 1266 1973; x_wconf 88' lang='lat' dir='ltr'>Sed</span> 
     </span>
     <span class='ocr_line' id='line_1_13' title="bbox 255 2024 1268 2120; baseline 0.001 -23"><span class='ocrx_word' id='word_1_72' title='bbox 255 2035 473 2120; x_wconf 85' lang='lat' dir='ltr'>quantopere</span> <span class='ocrx_word' id='word_1_73' title='bbox 513 2024 681 2096; x_wconf 84' lang='lat' dir='ltr'>differunt</span> <span class='ocrx_word' id='word_1_74' title='bbox 720 2025 806 2094; x_wconf 82' lang='lat' dir='ltr'>locos</span> <span class='ocrx_word' id='word_1_75' title='bbox 838 2024 913 2094; x_wconf 85' lang='lat' dir='ltr'>ordo</span> <span class='ocrx_word' id='word_1_76' title='bbox 952 2036 984 2094; x_wconf 84' lang='lat' dir='ltr'>et</span> <span class='ocrx_word' id='word_1_77' title='bbox 1022 2035 1129 2095; x_wconf 82' lang='lat' dir='ltr'>totum</span> <span class='ocrx_word' id='word_1_78' title='bbox 1166 2049 1268 2118; x_wconf 78' lang='lat' dir='ltr'>penus</span> 
     </span>
     <span class='ocr_line' id='line_1_14' title="bbox 256 2147 1267 2242; baseline -0.002 -19"><span class='ocrx_word' id='word_1_79' title='bbox 256 2150 537 2223; x_wconf 88' lang='lat' dir='ltr'>vaticinationis!</span> <span class='ocrx_word' id='word_1_80' title='bbox 566 2150 604 2220; x_wconf 96' lang='lat' dir='ltr'>ln</span> <span class='ocrx_word' id='word_1_81' title='bbox 630 2150 708 2242; x_wconf 87' lang='lat' dir='ltr'>ipso</span> <span class='ocrx_word' id='word_1_82' title='bbox 738 2149 811 2221; x_wconf 82' lang='lat' dir='ltr'>lere</span> <span class='ocrx_word' id='word_1_83' title='bbox 837 2148 987 2220; x_wconf 83' lang='lat' dir='ltr'>exordio</span> <span class='ocrx_word' id='word_1_84' title='bbox 1020 2147 1170 2221; x_wconf 85' lang='lat' dir='ltr'>Tiresias</span> <span class='ocrx_word' id='word_1_85' title='bbox 1198 2150 1267 2222; x_wconf 86' lang='lat' dir='ltr'>iata</span> 
     </span>
     <span class='ocr_line' id='line_1_15' title="bbox 255 2272 1267 2370; baseline -0.002 -20"><span class='ocrx_word' id='word_1_86' title='bbox 255 2275 379 2370; x_wconf 87' lang='lat' dir='ltr'>Olldipi</span> <span class='ocrx_word' id='word_1_87' title='bbox 406 2275 572 2369; x_wconf 86' lang='lat' dir='ltr'>explicat.</span> <span class='ocrx_word' id='word_1_88' title='bbox 610 2274 736 2367; x_wconf 85' lang='lat' dir='ltr'>Liquet</span> <span class='ocrx_word' id='word_1_89' title='bbox 768 2295 831 2343; x_wconf 90' lang='lat' dir='ltr'>cur</span> <span class='ocrx_word' id='word_1_90' title='bbox 858 2273 888 2344; x_wconf 91' lang='lat' dir='ltr'>is</span> <span class='ocrx_word' id='word_1_91' title='bbox 916 2272 1139 2367; x_wconf 89' lang='lat' dir='ltr'>potissimum</span> <span class='ocrx_word' id='word_1_92' title='bbox 1169 2273 1267 2348; x_wconf 85' lang='lat' dir='ltr'>locus</span> 
     </span>
     <span class='ocr_line' id='line_1_16' title="bbox 257 2397 1268 2497; baseline 0 -26"><span class='ocrx_word' id='word_1_93' title='bbox 257 2401 388 2471; x_wconf 89' lang='lat' dir='ltr'>electus</span> <span class='ocrx_word' id='word_1_94' title='bbox 408 2399 467 2469; x_wconf 89' lang='lat' dir='ltr'>sit.</span> <span class='ocrx_word' id='word_1_95' title='bbox 481 2398 545 2471; x_wconf 85' lang='lat' dir='ltr'>Tot</span> <span class='ocrx_word' id='word_1_96' title='bbox 560 2398 654 2469; x_wconf 88' lang='lat' dir='ltr'>enim</span> <span class='ocrx_word' id='word_1_97' title='bbox 674 2397 854 2497; x_wconf 27' lang='lat' dir='ltr'>malorum·</span> <span class='ocrx_word' id='word_1_98' title='bbox 867 2399 1042 2469; x_wconf 90' lang='lat' dir='ltr'>rationem</span> <span class='ocrx_word' id='word_1_99' title='bbox 1062 2418 1102 2468; x_wconf 86' lang='lat' dir='ltr'>ao</span> <span class='ocrx_word' id='word_1_100' title='bbox 1117 2408 1268 2493; x_wconf 85' lang='lat' dir='ltr'>peractae</span> 
     </span>
     <span class='ocr_line' id='line_1_17' title="bbox 257 2522 1267 2616; baseline -0.001 -22"><span class='ocrx_word' id='word_1_101' title='bbox 257 2522 341 2594; x_wconf 75' lang='lat' dir='ltr'>vite</span> <span class='ocrx_word' id='word_1_102' title='bbox 372 2543 498 2593; x_wconf 89' lang='lat' dir='ltr'>cursus</span> <span class='ocrx_word' id='word_1_103' title='bbox 531 2543 729 2615; x_wconf 86' lang='lat' dir='ltr'>causasque</span> <span class='ocrx_word' id='word_1_104' title='bbox 767 2542 884 2592; x_wconf 89' lang='lat' dir='ltr'>rerum</span> <span class='ocrx_word' id='word_1_105' title='bbox 916 2531 1114 2616; x_wconf 81' lang='lat' dir='ltr'>spectantes</span> <span class='ocrx_word' id='word_1_106' title='bbox 1142 2543 1267 2615; x_wconf 91' lang='lat' dir='ltr'>quam·</span> 
     </span>
     <span class='ocr_line' id='line_1_18' title="bbox 257 2645 1270 2741; baseline 0.001 -24"><span class='ocrx_word' id='word_1_107' title='bbox 257 2669 362 2741; x_wconf 90' lang='lat' dir='ltr'>quam</span> <span class='ocrx_word' id='word_1_108' title='bbox 383 2647 540 2719; x_wconf 89' lang='lat' dir='ltr'>breviter</span> <span class='ocrx_word' id='word_1_109' title='bbox 557 2646 731 2718; x_wconf 89' lang='lat' dir='ltr'>edocendi</span> <span class='ocrx_word' id='word_1_110' title='bbox 752 2655 866 2717; x_wconf 89' lang='lat' dir='ltr'>erant.</span> <span class='ocrx_word' id='word_1_111' title='bbox 886 2645 1143 2717; x_wconf 81' lang='lat' dir='ltr'>Vaticinatioue</span> <span class='ocrx_word' id='word_1_112' title='bbox 1162 2647 1270 2738; x_wconf 75' lang='lat' dir='ltr'>igitur</span> 
     </span>
     <span class='ocr_line' id='line_1_19' title="bbox 257 2768 1268 2867; baseline 0 -24"><span class='ocrx_word' id='word_1_113' title='bbox 257 2772 420 2843; x_wconf 85' lang='lat' dir='ltr'>effectum</span> <span class='ocrx_word' id='word_1_114' title='bbox 436 2772 600 2864; x_wconf 88' lang='lat' dir='ltr'>estquod</span> <span class='ocrx_word' id='word_1_115' title='bbox 617 2771 771 2867; x_wconf 82' lang='lat' dir='ltr'>prologis</span> <span class='ocrx_word' id='word_1_116' title='bbox 787 2770 882 2864; x_wconf 90' lang='lat' dir='ltr'>apud</span> <span class='ocrx_word' id='word_1_117' title='bbox 896 2768 1116 2864; x_wconf 57' lang='lat' dir='ltr'>Euripidem.</span> <span class='ocrx_word' id='word_1_118' title='bbox 1133 2769 1268 2843; x_wconf 87' lang='lat' dir='ltr'>sedhic</span> 
     </span>
     <span class='ocr_line' id='line_1_20' title="bbox 257 2896 1267 2990; baseline 0 -22"><span class='ocrx_word' id='word_1_119' title='bbox 257 2918 345 2968; x_wconf 86' lang='lat' dir='ltr'>sane</span> <span class='ocrx_word' id='word_1_120' title='bbox 370 2898 480 2970; x_wconf 86' lang='lat' dir='ltr'>multo</span> <span class='ocrx_word' id='word_1_121' title='bbox 507 2899 640 2990; x_wconf 70' lang='lat' dir='ltr'>maiore</span> <span class='ocrx_word' id='word_1_122' title='bbox 668 2906 704 2969; x_wconf 92' lang='lat' dir='ltr'>et</span> <span class='ocrx_word' id='word_1_123' title='bbox 727 2897 763 2967; x_wconf 86' lang='lat' dir='ltr'>vi</span> <span class='ocrx_word' id='word_1_124' title='bbox 795 2906 831 2969; x_wconf 91' lang='lat' dir='ltr'>et</span> <span class='ocrx_word' id='word_1_125' title='bbox 857 2906 953 2968; x_wconf 87' lang='lat' dir='ltr'>motu</span> <span class='ocrx_word' id='word_1_126' title='bbox 981 2906 1019 2968; x_wconf 88' lang='lat' dir='ltr'>et</span> <span class='ocrx_word' id='word_1_127' title='bbox 1048 2896 1267 2969; x_wconf 89' lang='lat' dir='ltr'>audientium</span> 
     </span>
     <span class='ocr_line' id='line_1_21' title="bbox 258 3021 1269 3117; baseline 0.002 -23"><span class='ocrx_word' id='word_1_128' title='bbox 258 3023 455 3116; x_wconf 84' lang='lat' dir='ltr'>voluptate.</span> <span class='ocrx_word' id='word_1_129' title='bbox 491 3022 546 3094; x_wconf 85' lang='lat' dir='ltr'>Ab</span> <span class='ocrx_word' id='word_1_130' title='bbox 573 3023 757 3117; x_wconf 77' lang='lat' dir='ltr'>AEsohplea</span> <span class='ocrx_word' id='word_1_131' title='bbox 775 3021 969 3094; x_wconf 86' lang='lat' dir='ltr'>Cassandra</span> <span class='ocrx_word' id='word_1_132' title='bbox 993 3023 1112 3095; x_wconf 89' lang='lat' dir='ltr'>omnia</span> <span class='ocrx_word' id='word_1_133' title='bbox 1137 3021 1269 3116; x_wconf 85' lang='lat' dir='ltr'>flagitia</span> 
     </span>
     <span class='ocr_line' id='line_1_22' title="bbox 260 3148 1269 3251; baseline 0.004 -35"><span class='ocrx_word' id='word_1_134' title='bbox 260 3148 554 3251; x_wconf 32' lang='lat' dir='ltr'>memorabantur·</span> <span class='ocrx_word' id='word_1_135' title='bbox 568 3169 717 3242; x_wconf 88' lang='lat' dir='ltr'>quorum</span> <span class='ocrx_word' id='word_1_136' title='bbox 741 3148 961 3220; x_wconf 87' lang='lat' dir='ltr'>debebantur</span> <span class='ocrx_word' id='word_1_137' title='bbox 990 3169 1126 3241; x_wconf 83' lang='lat' dir='ltr'>poenae3</span> <span class='ocrx_word' id='word_1_138' title='bbox 1153 3168 1269 3242; x_wconf 89' lang='lat' dir='ltr'>neque</span> 
     </span>
     <span class='ocr_line' id='line_1_23' title="bbox 258 3270 1268 3364; baseline 0.003 -22"><span class='ocrx_word' id='word_1_139' title='bbox 258 3271 348 3342; x_wconf 90' lang='lat' dir='ltr'>deos</span> <span class='ocrx_word' id='word_1_140' title='bbox 372 3282 507 3344; x_wconf 88' lang='lat' dir='ltr'>tantum</span> <span class='ocrx_word' id='word_1_141' title='bbox 533 3272 796 3364; x_wconf 82' lang='lat' dir='ltr'>intelligebatur</span> <span class='ocrx_word' id='word_1_142' title='bbox 820 3272 926 3344; x_wconf 91' lang='lat' dir='ltr'>rebus</span> <span class='ocrx_word' id='word_1_143' title='bbox 952 3270 1114 3349; x_wconf 88' lang='lat' dir='ltr'>humanis</span> <span class='ocrx_word' id='word_1_144' title='bbox 1140 3294 1268 3345; x_wconf 83' lang='lat' dir='ltr'>consu-</span> 
     </span>
     <span class='ocr_line' id='line_1_24' title="bbox 259 3396 1268 3486; baseline 0.004 -19"><span class='ocrx_word' id='word_1_145' title='bbox 259 3396 351 3485; x_wconf 90' lang='lat' dir='ltr'>lere;</span> <span class='ocrx_word' id='word_1_146' title='bbox 365 3398 428 3469; x_wconf 89' lang='lat' dir='ltr'>sed</span> <span class='ocrx_word' id='word_1_147' title='bbox 446 3420 518 3470; x_wconf 83' lang='lat' dir='ltr'>vox</span> <span class='ocrx_word' id='word_1_148' title='bbox 533 3419 656 3470; x_wconf 88' lang='lat' dir='ltr'>eorum</span> <span class='ocrx_word' id='word_1_149' title='bbox 671 3399 839 3486; x_wconf 83' lang='lat' dir='ltr'>sonabat3</span> <span class='ocrx_word' id='word_1_150' title='bbox 853 3418 984 3469; x_wconf 90' lang='lat' dir='ltr'>numen</span> <span class='ocrx_word' id='word_1_151' title='bbox 1002 3397 1058 3468; x_wconf 91' lang='lat' dir='ltr'>oni</span> <span class='ocrx_word' id='word_1_152' title='bbox 1075 3408 1192 3471; x_wconf 88' lang='lat' dir='ltr'>vatem</span> <span class='ocrx_word' id='word_1_153' title='bbox 1212 3419 1268 3471; x_wconf 89' lang='lat' dir='ltr'>re·</span> 
     </span>
     <span class='ocr_line' id='line_1_25' title="bbox 259 3520 1273 3618; baseline 0.005 -27"><span class='ocrx_word' id='word_1_154' title='bbox 259 3520 451 3593; x_wconf 81' lang='lat' dir='ltr'>luctantem</span> <span class='ocrx_word' id='word_1_155' title='bbox 462 3522 690 3593; x_wconf 89' lang='lat' dir='ltr'>intuebantur</span> <span class='ocrx_word' id='word_1_156' title='bbox 701 3532 838 3593; x_wconf 88' lang='lat' dir='ltr'>tantum</span> <span class='ocrx_word' id='word_1_157' title='bbox 848 3543 918 3595; x_wconf 92' lang='lat' dir='ltr'>nou</span> <span class='ocrx_word' id='word_1_158' title='bbox 933 3543 1089 3615; x_wconf 85' lang='lat' dir='ltr'>praesens</span> <span class='ocrx_word' id='word_1_159' title='bbox 1098 3522 1273 3618; x_wconf 87' lang='lat' dir='ltr'>adspicie-</span> 
     </span>
     <span class='ocr_line' id='line_1_26' title="bbox 260 3642 1269 3742; baseline 0.005 -27"><span class='ocrx_word' id='word_1_160' title='bbox 260 3642 378 3717; x_wconf 86' lang='lat' dir='ltr'>batnr.</span> <span class='ocrx_word' id='word_1_161' title='bbox 396 3644 594 3739; x_wconf 88' lang='lat' dir='ltr'>Sophocleo</span> <span class='ocrx_word' id='word_1_162' title='bbox 610 3645 684 3717; x_wconf 85' lang='lat' dir='ltr'>vati</span> <span class='ocrx_word' id='word_1_163' title='bbox 703 3646 792 3718; x_wconf 81' lang='lat' dir='ltr'>irato</span> <span class='ocrx_word' id='word_1_164' title='bbox 810 3644 953 3739; x_wconf 90' lang='lat' dir='ltr'>quidem</span> <span class='ocrx_word' id='word_1_165' title='bbox 967 3645 1032 3717; x_wconf 88' lang='lat' dir='ltr'>sed</span> <span class='ocrx_word' id='word_1_166' title='bbox 1046 3667 1269 3742; x_wconf 86' lang='lat' dir='ltr'>nequaquam</span> 
     </span>
    </p>
   </div>
   <div class='ocr_carea' id='block_1_3' title="bbox 261 3978 1273 4248">
    <p class='ocr_par' dir='ltr' id='par_1_5' title="bbox 261 3978 1273 4248">
     <span class='ocr_line' id='line_1_27' title="bbox 300 3978 1272 4057; baseline 0.007 -23"><span class='ocrx_word' id='word_1_167' title='bbox 300 3979 334 4047; x_wconf 75' lang='lat' dir='ltr'>(l)</span> <span class='ocrx_word' id='word_1_168' title='bbox 355 3978 430 4036; x_wconf 86' lang='lat' dir='ltr'>Vide</span> <span class='ocrx_word' id='word_1_169' title='bbox 443 3980 540 4036; x_wconf 79' lang='lat' dir='ltr'>Jahrb.</span> <span class='ocrx_word' id='word_1_170' title='bbox 555 3979 579 4052; x_wconf 75' lang='grc' dir='ltr'>Ῑ.</span> <span class='ocrx_word' id='word_1_171' title='bbox 595 3981 680 4050; x_wconf 71' lang='lat' dir='ltr'>Phil..</span> <span class='ocrx_word' id='word_1_172' title='bbox 693 3980 772 4048; x_wconf 78' lang='grc'><strong>1851,</strong></span> <span class='ocrx_word' id='word_1_173' title='bbox 789 3997 855 4053; x_wconf 86' lang='lat' dir='ltr'>sup.</span> <span class='ocrx_word' id='word_1_174' title='bbox 871 3981 916 4049; x_wconf 81' lang='lat' dir='ltr'>tl,</span> <span class='ocrx_word' id='word_1_175' title='bbox 930 3997 961 4054; x_wconf 86' lang='lat' dir='ltr'>p.</span> <span class='ocrx_word' id='word_1_176' title='bbox 978 3981 1011 4037; x_wconf 78' lang='grc'>54</span> <span class='ocrx_word' id='word_1_177' title='bbox 1021 3996 1030 4036; x_wconf 73' lang='lat' dir='ltr'>t</span> <span class='ocrx_word' id='word_1_178' title='bbox 1040 3990 1167 4054; x_wconf 78' lang='grc' dir='ltr'><strong>Τειρεσίας</strong></span> <span class='ocrx_word' id='word_1_179' title='bbox 1182 3993 1272 4057; x_wconf 72' lang='lat' dir='ltr'>estpo-</span> 
     </span>
     <span class='ocr_line' id='line_1_28' title="bbox 262 4076 1273 4152; baseline 0.007 -21"><span class='ocrx_word' id='word_1_180' title='bbox 262 4089 344 4152; x_wconf 69' lang='grc' dir='ltr'><strong>φῆτης.</strong></span> <span class='ocrx_word' id='word_1_181' title='bbox 365 4076 409 4134; x_wconf 87' lang='lat' dir='ltr'>De</span> <span class='ocrx_word' id='word_1_182' title='bbox 422 4077 568 4136; x_wconf 82' lang='lat' dir='ltr'>Tiresia...</span> <span class='ocrx_word' id='word_1_183' title='bbox 583 4083 725 4152; x_wconf 86' lang='lat' dir='ltr'>quotquot</span> <span class='ocrx_word' id='word_1_184' title='bbox 741 4078 861 4150; x_wconf 88' lang='lat' dir='ltr'>reperiri</span> <span class='ocrx_word' id='word_1_185' title='bbox 873 4083 1031 4151; x_wconf 86' lang='lat' dir='ltr'>potuerunt</span> <span class='ocrx_word' id='word_1_186' title='bbox 1044 4078 1139 4136; x_wconf 84' lang='lat' dir='ltr'>fontes</span> <span class='ocrx_word' id='word_1_187' title='bbox 1152 4085 1182 4137; x_wconf 90' lang='lat' dir='ltr'>et</span> <span class='ocrx_word' id='word_1_188' title='bbox 1196 4079 1273 4138; x_wconf 81' lang='lat' dir='ltr'>diota</span> 
     </span>
     <span class='ocr_line' id='line_1_29' title="bbox 261 4173 958 4248; baseline 0.003 -18"><span class='ocrx_word' id='word_1_189' title='bbox 261 4174 378 4247; x_wconf 84' lang='lat' dir='ltr'>collegit</span> <span class='ocrx_word' id='word_1_190' title='bbox 391 4180 421 4231; x_wconf 87' lang='lat' dir='ltr'>et</span> <span class='ocrx_word' id='word_1_191' title='bbox 436 4173 582 4248; x_wconf 83' lang='lat' dir='ltr'>disposuit</span> <span class='ocrx_word' id='word_1_192' title='bbox 593 4174 698 4236; x_wconf 83' lang='lat' dir='ltr'>Fraus.</span> <span class='ocrx_word' id='word_1_193' title='bbox 711 4174 776 4234; x_wconf 79' lang='lat' dir='ltr'>leo.</span> <span class='ocrx_word' id='word_1_194' title='bbox 791 4175 919 4233; x_wconf 76' lang='lat' dir='ltr'>Sohoell.=</span> <span class='ocrx_word' id='word_1_195' title='bbox 950 4204 958 4215; x_wconf 88' lang='lat'><em>·</em></span> 
     </span>
    </p>
   </div>
   <div class='ocr_carea' id='block_1_4' title="bbox 0 0 1563 4964">
    <p class='ocr_par' dir='ltr' id='par_1_6' title="bbox 0 0 1563 4964">
     <span class='ocr_line' id='line_1_30' title="bbox 0 0 1563 4964; baseline 0 0"><span class='ocrx_word' id='word_1_196' title='bbox 0 0 1563 4964; x_wconf 95' lang='lat' dir='ltr'> </span> 
     </span>
    </p>
   </div>
  </div>
 </body>
</html>
