3056 4976
668 440 828 551 ηρ-

238 626 322 697 dum
342 625 457 717 potins
474 621 656 715 profitetur
673 644 779 714 quam
794 644 833 693 se
849 644 984 716 suaque
1000 625 1137 718 prodat.
1157 626 1250 709 Quid

236 761 356 843 postea
385 746 451 817 nisi
472 759 510 816 ut
537 768 683 838 eaquae
709 748 833 817 minati
857 762 940 817 sunt
966 749 1035 836 dii,
1061 763 1161 822 vates
1186 774 1250 822 ex·

238 889 366 972 pentat,
383 875 578 970 perficiant.
590 876 715 946 -Sed
731 897 802 957 non
817 877 933 946 miuus
946 877 1120 969 legentem
1133 894 1252 952 movet

236 1004 332 1097 prior
351 1003 410 1072 illa
428 1022 545 1073 scaena
565 1022 634 1094 qua
660 1002 771 1071 Iouem
790 1022 884 1071 nunc
904 1001 1008 1094 longa
1028 1003 1120 1074 serie
1141 1005 1252 1075 malo-

237 1151 314 1199 rum
333 1138 457 1211 terret,
478 1108 574 1195 'nunc
601 1125 719 1218 aliqua
756 1147 819 1218 spe
849 1137 996 1198 recreat.
1024 1127 1129 1197 Novit
1157 1129 1251 1199 eninr

238 1255 362 1326 molles
385 1253 503 1324 aditus
524 1264 559 1322 et
587 1251 683 1321 fandi
716 1262 872 1344 tempora
892 1251 991 1345 (Vide
1017 1264 1056 1321 nt
1082 1252 1158 1324 loco
1177 1255 1252 1324 dic·

238 1393 309 1450 tum
330 1379 376 1450 sit
393 1377 478 1463 755,
500 1378 567 1472 πρὶν
588 1371 623 1443 ἂν
649 1377 718 1455 Ζεὺς
737 1378 847 1471 ἐκπέσῃ
866 1370 1075 1471 τυραννίδος);
1094 1377 1198 1469 longa
1215 1373 1268 1449 et
1356 1360 1365 1379 ι

238 1516 371 1576 maesta
382 1503 511 1574 dividit
526 1503 555 1572 si
572 1502 718 1593 quando
734 1500 834 1570 malis
848 1522 942 1592 aegra
953 1522 1156 1574 assuescere
1172 1525 1252 1597 pos·

236 1632 307 1719 sit3
337 1639 522 1723 percenset
547 1627 851 1719 commendatque
878 1626 970 1717 (705
1000 1637 1035 1698 et
1055 1626 1147 1724 789)
1178 1630 1252 1699 sin·

235 1756 338 1848 gula,
364 1776 408 1826 ne
443 1752 529 1847 quid
561 1753 648 1824 utile
677 1763 865 1844 vagantem
896 1752 1025 1844 lugiat3
1049 1756 1252 1826 memoriam

237 1880 405 1975 praeteriti
424 1880 590 1972 temporis
610 1878 756 1971 replicat
783 1887 820 1946 nt
844 1878 939 1969 apud
964 1899 1042 1948 eam
1064 1880 1254 1950 constituat

238 2006 425 2076 verborum
462 2025 606 2074 suorum
647 2003 913 2088 auctoritatem3
955 2003 1114 2073 tristibus
1138 2005 1251 2092 laeta,

238 2131 328 2203 uotis
360 2131 468 2200 multa
502 2130 680 2221 insperata
710 2128 864 2199 humane
904 2129 1144 2216 intermiscet3
1182 2131 1253 2200 imo

239 2254 429 2324 narrationi
448 2253 572 2323 inserit
591 2253 708 2344 aliqua
726 2252 848 2343 gloriae
870 2253 1000 2322 loturae
1013 2253 1252 2324 blandimenta

238 2390 273 2449 et
291 2401 388 2471 spem
409 2400 479 2448 non
500 2378 608 2448 semel
637 2378 748 2468 injicit
772 2389 873 2447 terrae
897 2378 1116 2468 cognominis
1144 2377 1251 2469 (733,

240 2503 332 2598 8l5,
354 2500 452 2591 cto).
473 2502 587 2586 Quum
608 2523 694 2572 vero
712 2500 770 2570 illa
785 2501 948 2593 promissi
968 2516 1006 2571 nt
1025 2502 1116 2572 solet
1135 2503 1255 2572 inrue-

238 2616 375 2698 morin
406 2626 509 2697 lletus
538 2640 574 2697 et
600 2626 887 2696 lamentationem
906 2626 1078 2718 erumpit,
1103 2638 1139 2696 et
1162 2649 1254 2698 uror-

173 2798 175 2801 ·
237 2764 308 2823 tem
328 2763 378 2824 tot
395 2772 644 2824 aerumnarum
665 2750 771 2821 finem
791 2748 911 2844 optat,
930 2752 1100 2844 impetum
1122 2753 1253 2822 doloris

239 2878 403 2972 exemplo
424 2878 581 2948 miseriae
602 2878 732 2948 mulcet
752 2898 849 2966 suae,
872 2888 907 2947 et
925 2876 1028 2967 jactis
1051 2878 1184 2969 aliquot
1210 2875 1255 2945 de

237 3003 335 3076 lovis
354 3003 579 3075 matrimonio
600 3004 722 3093 dictis,
746 2980 953 3074 muliebrem
970 3003 1157 3073 animuma
1175 3023 1256 3094 pro·

239 3129 326 3222 priae
352 3129 522 3199 molestiae
549 3128 764 3199 conscientia
786 3127 892 3197 alieni
921 3117 1068 3220 periculi
1096 3128 1254 3198 obscuri-

241 3263 311 3323 tate
336 3253 479 3322 abdncit
502 3265 537 3322 et
561 3253 770 3323 abducendo
798 3253 1012 3324 consolatur.
1048 3252 1175 3344 Ecquis
1203 3263 1256 3322 ost

240 3398 283 3447 eo
303 3377 443 3469 dignior
459 3379 519 3470 qui
538 3388 576 3447 ut
591 3378 737 3446 aliarum
750 3399 887 3469 rerum,
904 3375 955 3446 sic
975 3377 1140 3447 humanae
1158 3397 1254 3445 mon-

243 3503 287 3572 tis
305 3503 601 3596 prudentissimus
622 3503 768 3573 audiat?

288 3627 465 3710 Quantum
499 3650 584 3699 vero
614 3629 717 3699 detur
743 3628 955 3699 divinationi
984 3629 1020 3697 in
1045 3628 1111 3697 hac
1138 3628 1254 3696 fabula

240 3772 312 3822 non
332 3763 401 3822 tarn
424 3774 493 3823 uno
513 3766 574 3823 aut
593 3754 704 3823 altero
732 3753 809 3824 loco
828 3751 920 3847 (noti
938 3764 1021 3823 sunt
1040 3754 1085 3823 de
1104 3755 1257 3845 Typhone

242 3897 366 3947 versus
380 3874 463 3968 3l'l,
476 3881 525 3969 s.)
538 3890 573 3948 et
590 3879 645 3948 his
665 3879 791 3950 scaenis
802 3901 952 3971 quarum
965 3899 1139 3949 summam
1155 3879 1255 3957 stric-

241 4002 304 4070 tim
324 4001 446 4091 attuli,
468 4023 573 4095 quarn
599 4002 674 4097 ipso
701 4002 837 4072 notionis
851 4025 966 4094 peracre
986 4012 1144 4096 apparet.
1172 4002 1256 4070 Tota

241 4125 336 4196 enim
352 4148 480 4198 arcano
498 4127 558 4200 illo
574 4139 711 4198 constat
729 4128 824 4220 quod
843 4148 965 4199 omues
983 4148 1023 4198 ac
1041 4127 1175 4220 Jupiter
1191 4147 1255 4218 po-

1080 4252 1098 4310 l
