3056 4976
749 487 789 502 ...
809 454 909 540 36,-

324 591 552 663 Prometheus
581 612 651 663 uon
683 590 876 662 iracundiae
905 590 1021 664 miuus
1051 602 1105 663 est
1131 594 1329 687 impotens,

324 717 388 789 sed
406 717 575 812 propositi
599 726 635 789 et
659 717 790 788 silentii
813 716 981 789 tenacior.
1002 717 1101 790 Vana
1123 719 1267 812 quidem
1296 728 1332 792 et

324 843 471 914 nimium
492 842 637 936 pulchra
655 843 920 937 quae'proponit
936 843 1065 915 chorus
1084 844 1177 917 uitro
1202 845 1332 917 avertit

323 963 434 1062 (509,
462 969 580 1048 εὔελπίς
606 969 668 1063 εἰμι
690 963 788 1037 τῶνδέ
806 974 833 1037 σ’
856 972 889 1036 ἐκ
908 962 1027 1062 δεσμῶν
1056 971 1105 1040 ἔτι
1125 972 1253 1040 λυθέντα
1271 998 1332 1066 μη·

325 1087 374 1161 δὲν
395 1102 479 1188 μεῖον
501 1093 632 1186 ἰσχύσειν
650 1093 718 1171 Διός
736 1133 783 1144 -·-
800 1108 899 1189 Προμ.
928 1097 962 1160 οὐ
979 1104 1081 1163 ταῦτα
1105 1097 1204 1192 ταύτῃ
1223 1091 1329 1190 κτλ).

325 1215 394 1288 Sed
414 1216 551 1288 insenso
569 1215 648 1288 Jovi
674 1216 810 1287 ruinam
831 1216 1064 1310 praenuntiat,
1082 1217 1150 1288 sibi
1166 1216 1331 1289 liberato-

324 1363 399 1413 rem
419 1361 490 1412 non
509 1352 644 1412 tantum
664 1340 849 1434 providet,
871 1340 935 1412 sed
960 1341 1037 1432 ejus
1056 1351 1196 1414 aetatem
1208 1352 1252 1413 et
1271 1364 1332 1434 ge·

326 1486 393 1536 nus
416 1464 561 1538 indicat.
591 1465 817 1537 Gravissimis
841 1466 915 1536 suis
933 1466 1142 1538 vulneribus
1163 1466 1232 1539 hoo
1261 1488 1332 1537 uno

320 1590 389 1663 sed
404 1613 532 1683 magno
547 1592 703 1664 fomento
720 1591 899 1680 medetur;
915 1590 982 1663 hac
1001 1593 1110 1665 fretus
1126 1592 1260 1685 ingenii
1276 1591 1333 1663 sui

325 1716 539 1789 conscientia
558 1737 736 1787 summum
754 1716 859 1788 deum
879 1726 1062 1812 provocat,
1082 1717 1149 1789 hac
1170 1718 1231 1789 iati
1248 1739 1332 1811 pru·

317 1838 446 1911 dentia
472 1841 582 1912 multo
604 1841 715 1933 magis
739 1861 846 1933 quam
873 1841 1134 1914 immortalitate
1157 1840 1226 1912 sibi
1249 1841 1332 1912 oiim

327 1964 544 2059 deploranda
565 1966 729 2037 eumdem
759 1966 964 2061 impugnat3
993 1967 1156 2059 iujuriam
1185 1989 1265 2038 cum
1290 1988 1333 2038 eo

327 2089 527 2184 expostulat
545 2087 762 2183 (ΠἿ,ποίνας
777 2119 812 2161 τε
828 2093 922 2161 τίνειν
936 2086 1150 2187 τῆςδάἰκίας)
1160 2117 1169 2180 ;
1180 2091 1334 2184 denique

326 2235 444 2286 rerum
473 2214 631 2287 omnium
656 2215 820 2308 quamvis
846 2217 1127 2309 potentissimum
1151 2216 1334 2288 dominum

327 2340 473 2433 periculi
495 2361 603 2432 quum
625 2340 769 2411 maximi
795 2350 867 2411 tum
879 2341 964 2412 caeci
985 2340 1111 2414 timore
1128 2362 1171 2412 eo
1190 2340 1335 2411 adducit

323 2474 366 2535 ut
377 2465 445 2535 sibi
460 2465 762 2555 modisomnibus‚
775 2466 893 2554 minis,
913 2477 1060 2551 terrore.
1073 2466 1247 2562 supplicio
1262 2489 1334 2541 cer·

320 2598 401 2661 -tum
421 2589 515 2660 iliius
535 2590 703 2661 indicium
724 2603 937 2685 extorquere
955 2593 1053 2664 velit.

375 2713 516 2798 Quaeret
534 2715 662 2808 aliquis
682 2726 799 2786 utrum
821 2738 883 2810 per
902 2739 937 2787 se
956 2717 1033 2810 ipse
1051 2740 1097 2788 au
1118 2716 1253 2789 ulterius
1277 2739 1336 2810 ope

327 2859 408 2933 quae
427 2838 587 2932 praedicit
608 2838 837 2912 Prometheus
863 2841 1057 2913 resciverit.
1079 2839 1166 2924 Quae
1189 2840 1335 2934 quidem

326 2963 373 3036 ad
394 2963 517 3036 Iovem
545 2965 722 3059 pertinent
747 2987 768 3037 a
795 2965 965 3039 Themide
989 2977 1101 3040 matre
1123 2989 1162 3040 se
1191 2967 1336 3038 audisse

321 3086 382 3157 vbis
400 3084 508 3182 (209,
533 3085 621 3184 dii)
644 3088 844 3161 confitetur.
866 3090 936 3162 Sed
961 3113 1007 3162 ne
1030 3091 1062 3161 ei
1089 3090 1201 3182 magis
1226 3109 1335 3183 quam

326 3233 467 3304 aequum
494 3223 547 3284 est
572 3236 749 3308 quamque
777 3216 852 3310 ipse
878 3216 966 3288 velit
990 3216 1190 3288 credamus.
1212 3215 1335 3287 Matris

328 3340 583 3433 orimnorum,
604 3343 633 3413 si
648 3366 719 3414 non
738 3344 774 3414 in
792 3365 835 3416 eo
856 3366 988 3416 meram
1004 3346 1210 3437 allegoriam
1229 3343 1335 3414 intei-

327 3465 428 3558 ligis,
450 3467 532 3538 ideo
556 3477 690 3538 tautum
709 3468 779 3540 huc
805 3469 949 3541 allatum
969 3470 1133 3558 videtur,
1162 3490 1233 3563 quo
1255 3469 1336 3562 plus

326 3591 544 3664 auctoritatis
570 3592 702 3665 dicenti
727 3595 935 3686 adjiciatur3
959 3595 1133 3689 spondeat
1156 3594 1217 3665 ilia
1238 3593 1337 3687 quod

328 3716 385 3789 hic
408 3718 594 3812 providet3
622 3741 692 3791 non
717 3733 883 3814 tanquam
903 3720 990 3792 nihii
1010 3731 1200 3816 praeterea
1224 3741 1335 3791 nove·

323 3846 374 3917 rit
392 3856 428 3917 et
449 3848 699 3939 augustissimo
718 3850 779 3921 ilio
799 3873 887 3946 gyro
910 3851 986 3941 ejus
1007 3850 1190 3943 ingenium
1208 3849 1335 3920 reirin·

320 3978 443 4064 ‚gatur
470 3970 508 4042 ld
532 3972 624 4043 enim
652 3995 760 4044 unum
781 3985 843 4046 aut
861 3976 1011 4047 alterum
1039 3985 1151 4046 mater
1177 3972 1334 4063 edocuit,

328 4096 392 4168 sed
419 4118 489 4169 non
514 4099 686 4192 quidquid
703 4100 778 4172 loni
808 4102 1040 4196 praenuntiat3
1070 4101 1225 4196 denique
1248 4097 1337 4192 quid
