3094 4970
754 489 912 551 -84-
1065 540 1069 547 ,

326 630 500 726 prebensu
528 628 594 703 soit
614 639 674 700 out
700 649 722 699 e
746 628 890 701 ciuitate
911 631 1163 719 exterminato,
1185 654 1291 726 quom
1314 656 1336 706 n

325 754 451 826 suiset
472 755 581 848 portis
599 774 673 827 sune
690 751 854 824 maximis
869 764 1045 827 66666616.
1062 755 1213 828 Damnat
1228 756 1339 851 igitur

325 879 512 975 Euripides
540 879 714 973 quidquid
742 878 793 947 ilii
820 879 1042 952 somniarunt
1062 878 1127 976 (1),
1155 883 1236 954 ooeii
1262 883 1336 955 dis·

327 1002 1333 1106 cordium(Hipp.‚i328n.),deorumignornntiom(iiore.

324 1136 409 1228 fiir„
432 1130 541 1228 347),
564 1131 712 1224 turpiter
732 1128 806 1224 (ng.
828 1132 1027 1225 Belleropb„
1047 1131 1137 1220 300,
1157 1156 1194 1204 v.
1213 1130 1253 1229 4)
1272 1144 1335 1207 out

326 1257 456 1349 injuste
472 1258 562 1327 faotn
575 1252 692 1350 (64666.
711 1259 793 1348 sun,
812 1253 897 1345 344,
916 1259 1006 1348 lon„
1020 1253 1119 1348 264),
1133 1255 1332 1352 perfidiam,

326 1382 527 1476 superbiam
542 1379 681 1476 (Hipp,
701 1380 755 1477 7),
775 1381 845 1452 irus
861 1381 1015 1472 (Horeb,
1036 1380 1160 1476 4348),
1182 1383 1334 1457 64446666

324 1508 383 1581 vel
403 1507 494 1578 inter
517 1528 596 1578 6666
617 1504 755 1601 (Hipp,
778 1504 901 1606 4420),
919 1507 978 1579 vel
999 1506 1035 1578 in
1054 1506 1216 1581 homines
1232 1530 1333 1603 parn-

326 1643 379 1703 tns
391 1630 585 1728 (Androm,
603 1628 711 1706 4464.
726 1633 826 1702 Herc.
837 1634 921 1724 (66,
938 1630 1009 1702 843
1026 1642 1061 1704 et
1078 1654 1109 1704 6.
1122 1643 1158 1705 et
1176 1632 1269 1705 4308
1281 1656 1330 1725 6.,

325 1757 465 1846 nacon,
494 1754 588 1828 1249
618 1767 654 1825 et
684 1753 790 1825 1344.
815 1757 938 1850 Hipp„
975 1753 1165 1850 10616),
1195 1767 1331 1852 stupro,

323 1880 496 1952 adulteria
513 1889 550 1952 et
569 1879 716 1951 inomni
733 1901 864 1971 genere
879 1880 1045 1952 libidines
1060 1877 1199 1975 (opp,
1217 1878 1329 1955 4626.

323 2007 423 2076 Herc.
443 2008 528 2096 fun,
552 2004 645 2073 4346
666 2013 701 2075 et
722 2001 809 2074 1344
831 2027 863 2074 s.
884 2005 946 2098 ug.
966 2006 1118 2099 Aritiop„
1142 2003 1242 2102 486),
1260 2025 1333 2078 soe·

323 2131 451 2202 lerator
480 2131 589 2225 dapes
621 2127 747 2225 (Ipbip.
778 2131 894 2218 Your„
917 2129 988 2200 386
1016 2129 1076 2226 s.)‚
1098 2131 1197 2222 jusso
1223 2131 1331 2225 impin

322 2254 410 2354 (nt,
441 2253 548 2329 4246.
574 2256 650 2344 On,
669 2252 770 2350 447),
790 2276 960 2348 sonnoque
983 2255 1157 2349 sangnine
1173 2255 1330 2329 bumnno

323 2377 743 2476 perfusa(1pbt9.Taur.,
761 2376 862 2474 384).
880 2377 1066 2463 Quomodo
1084 2381 1160 2452 veri
1175 2380 1249 2451 sint
1261 2380 1327 2471 dii,

322 2506 352 2578 64
374 2506 528 2577 humone
552 2505 738 2600 prudentio
761 2504 949 2576 vincantur
968 2503 1089 2600 (Herc.
1120 2507 1205 2596 fur„
1242 2502 1328 2581 342.

322 2632 444 2726 Hipp,
479 2628 567 2719 420,
593 2632 683 2718 lon,
714 2629 785 2704 263
812 2652 860 2719 6.,
883 2626 952 2703 442
980 2627 1046 2726 6.),
1072 2631 1129 2702 vel
1149 2630 1330 2723 quomodo

322 2776 431 2851 penes
450 2754 529 2825 41466
546 2754 664 2825 omniu
683 2755 756 2825 sint
774 2753 835 2847 qni
855 2753 1052 2847 naepinsime
1073 2752 1169 2848 opud
1192 2775 1232 2827 se
1256 2774 1328 2829 noo

320 2883 427 2955 eunti
454 2880 548 2951 inter
568 2878 655 2951 deos
680 2879 788 2972 igitur
806 2879 1023 2950 eredendum
1051 2889 1107 2951 est
1133 2878 1221 2951 nihii
1250 2900 1331 2954 ense

319 3004 404 3076 muli
424 3003 551 3097 (Ipbip.
575 3004 692 3090 Tuom,
714 3002 815 3093 3ot);
840 3023 963 3075 eorum
983 3002 1118 3077 nullum
1136 3003 1195 3075 elii
1216 3004 1328 3099 impe·

321 3148 401 3203 rore
410 3137 472 3198 ent
481 3148 548 3222 ope
558 3126 701 3198 alterins
715 3126 874 3219 indigere
884 3127 1018 3220 (44666,
1037 3125 1169 3224 4344);
1189 3127 1326 3203 nullum

319 3252 448 3326 uetitos
474 3252 611 3345 insequi
632 3250 836 3345 hymenaeos
855 3252 967 3345 (44644,
988 3249 1113 3349 4341),
1137 3262 1199 3325 not
1223 3273 1328 3329 sono-

321 3375 421 3448 titnte
440 3388 476 3448 ot
490 3375 626 3468 justitia
639 3397 709 3448 non
724 3376 914 3451 ennoliere.
925 3377 976 3451 Ne
991 3377 1051 3451 664
1062 3387 1182 3451 ¹irritem
1197 3376 1327 3451 mirum

320 3500 485 3575 ridentur
515 3499 720 3595 Euripidem
746 3502 931 3573 materiam
963 3500 1073 3594 illum,
1110 3502 1181 3575 imo
1209 3522 1327 3577 ornem

319 3625 510 3721 quomdam
541 3625 723 3719 poetieam·
745 3635 842 3698 tuoto
868 3625 1051 3719 diligentia
1086 3625 1327 3719 destruxisse3

321 3748 542 3845 superiorum
556 3758 678 3821 vntum
697 3749 883 3823 insistebat
899 3750 1059 3844 vestigiis
1074 3751 1132 3823 uel
1146 3750 1184 3822 in
1203 3771 1327 3824 earnm
1405 3732 1409 3745 ’
1513 3826 1521 3851 2

335 4053 450 4131 ἣί(1)(44.
466 4057 678 4131 Xenophanem
692 4065 794 4133 poetas
807 4068 993 4120 accusantem
1012 4061 1101 4134 apud.
1117 4061 1240 4120 Sextum
1255 4060 1333 4119 Em·

317 4153 462 4227 pineum.
481 4157 551 4217 Ado.
565 4155 676 4229 Maon„
689 4155 714 4230 Ι,
727 4156 791 4215 280.
