3094 4970
757 437 916 500 ..54-

331 590 433 663 sunt,
453 574 511 646 hic
536 573 674 668 poetica
702 584 778 643 arte
805 572 990 665 utriusque
1017 582 1156 646 naturae
1173 576 1348 668 quodam·

332 700 437 774 modo
456 698 665 793 exprimitur
684 696 818 767 discors
837 696 1039 768 oonoordia.

379 792 505 919 Liriuet
533 824 637 895 etiam
669 842 774 916 quam
804 821 927 893 vivide
957 820 1016 893 hie
1040 844 1091 892 rer
1124 823 1349 897 describantur

332 974 413 1047 quae
430 950 541 1024 oeulis
566 948 696 1040 subjici
715 958 911 1041 nequeant;
932 969 1013 1040 quae
1040 970 1127 1022 vero
1154 950 1243 1021 alias
1262 973 1347 1045 pos·

332 1079 420 1167 sint,
442 1097 511 1170 qua
536 1075 621 1145 artis
640 1072 813 1144 industria
832 1084 868 1142 et
894 1073 1157 1167 opportunitate
1175 1078 1348 1170 temporis

334 1202 444 1273 multo
471 1199 583 1292 magis
619 1197 758 1268 animos
791 1206 971 1269 moveant.
1005 1196 1141 1269 Etenim
1173 1199 1347 1271 furiarum

332 1327 460 1399 chorus
480 1316 586 1397 domo
603 1322 760 1394 insidens
780 1322 837 1393 vel
858 1322 956 1415 pueri
983 1322 1120 1395 viscera
1138 1346 1203 1395 sua
1225 1347 1348 1397 eseam

333 1450 547 1523 horrendam
584 1447 674 1542 patri
697 1447 982 1536 ministrantes,
1024 1448 1081 1519 vel
1123 1459 1225 1520 tauro
1257 1451 1346 1521 insi·

333 1577 470 1647 diantes
505 1574 659 1665 juvenca
695 1582 732 1644 et
767 1572 918 1664 ignavus
954 1553 1029 1659 leo,
1068 1574 1127 1646 vel
1162 1596 1227 1646 rex
1261 1575 1349 1648 irre·

334 1699 421 1769 titus
453 1708 489 1769 et
526 1718 598 1768 uno
631 1697 814 1788 alteroque
852 1696 923 1767 ictu
962 1697 1136 1791 palpitans
1171 1709 1207 1771 et
1244 1699 1346 1792 inge·

207 1868 211 1877 ·
334 1845 452 1911 mens,
471 1821 568 1895 nullo
588 1821 658 1893 aiio
685 1821 791 1892 modo
815 1842 920 1914 quam
945 1822 1082 1893 ardenti
1107 1823 1165 1894 iiia
1184 1824 1348 1896 oratione

333 1952 370 2020 in
405 1970 557 2021 scaenam
583 1947 697 2042 promi
729 1956 905 2041 poterant.
930 1946 1019 2031 Quae
1048 1970 1135 2021 vero
1160 1958 1346 2044 poterant,

334 2084 466 2168 quanto
502 2073 581 2166 pius
611 2072 778 2167 ponderis
804 2071 937 2144 habent
972 2073 1032 2143 ubi
1063 2074 1222 2146 nondum
1253 2075 1346 2146 auoi-

334 2199 428 2269 disse
457 2197 720 2289 intelliguntur,
747 2197 872 2267 sedin
899 2220 943 2270 eo
975 2219 1054 2269 esso
1078 2209 1116 2270 ot
1149 2222 1234 2272 mox
1257 2204 1349 2274 acei-

334 2320 610 2393 dant‘t·Constat
627 2321 720 2391 enim
740 2320 797 2392 vei
824 2331 1007 2415 poetarum
1024 2345 1219 2415 graecorum
1247 2327 1349 2399 testi·

335 2447 454 2519 monio
490 2444 546 2542 (i)
579 2446 657 2540 plus
692 2446 728 2517 in
758 2446 916 2520 timendo
953 2448 1036 2520 mali
1070 2471 1282 2545 essequam
1309 2454 1349 2526 in

332 2574 410 2667 ipso
432 2572 493 2644 illo
518 2572 614 2666 quod
634 2572 801 2660 timetur;
821 2574 959 2644 ruinam
979 2575 1246 2679 impendentem
1271 2600 1348 2652 ma·

332 2698 385 2790 gis
415 2707 600 2791 torquere,
638 2697 756 2768 omnia
783 2708 989 2791 exspectata
1014 2698 1094 2792 pius
1132 2722 1347 2794 aggravare.

332 2821 490 2914 Egregiae
517 2831 600 2892 suut
625 2824 660 2891 in
687 2821 855 2915 Euripide
881 2822 1130 2911 narrationes;
1153 2826 1219 2897 sed
1249 2828 1353 2901 nulla

333 2946 427 3040 apud
452 2944 560 3015 alium
584 2955 646 3015 aut
672 2946 829 3017 novitate
854 2948 976 3019 iormae
1004 2961 1065 3019 aut
1094 2950 1246 3023 affectus
1266 2974 1349 3046 gra·

333 3068 522 3140 vitatehoe
542 3070 869 3163 praestantissimum
892 3074 1074 3166 exemplar
1088 3096 1260 3169 superare
1280 3099 1346 3171 po·

334 3195 412 3264 tuit.

381 3317 482 3402 Quod
507 3319 536 3390 si
560 3318 606 3390 ad
629 3342 730 3413 penus
755 3327 904 3414 propium
929 3322 1190 3397 vaticinationis
1212 3331 1346 3400 transi·

333 3441 464 3530 bimus,
487 3464 530 3515 eo
553 3443 679 3515 ceteris
700 3445 934 3517 discernenda
959 3447 1141 3519 videbitur
1164 3453 1263 3544 quod
1292 3464 1352 3526 est

339 3576 409 3637 totu
424 3571 531 3657 sorore
540 3568 651 3660 pleno.
668 3568 863 3679 Reseranda
877 3582 931 3642 est
944 3593 1030 3643 sane
1043 3572 1240 3648 Cassandra
1256 3578 1351 3651 inter

373 3899 407 3969 ti)
421 3898 462 3956 dt.
479 3900 590 3975 Eurip„
614 3904 669 3975 ing.
687 3905 874 3974 Andromeda,
892 3907 963 3971 1322
979 3908 1083 3981 Soph..
1102 3912 1256 3984 Trachin„
1272 3918 1350 3992 952,

334 4003 363 4051 et
375 3997 432 4067 ing.
448 4004 521 4071 trag.
541 3999 591 4056 Gr.
617 4017 721 4068 anom,
741 4000 875 4075 Wagner
896 4005 975 4072 Did,
991 4006 1053 4074 III,
1069 4027 1098 4081 p.
1115 4012 1167 4067 iii
1190 4036 1197 4068 ε
1217 4017 1311 4083 nour»
1323 4021 1355 4074 at

333 4095 447 4158 κρεῖσσόν
463 4098 529 4157 ἐστι,
545 4100 578 4161 μὴ
588 4098 719 4151 δεδοικότα
731 4102 817 4154 παθεῖν
830 4104 861 4155 τὸ
874 4105 961 4168 μέλλον
972 4107 1052 4159 δεινὸν
1063 4110 1080 4170 ἢ
1093 4110 1234 4165 intuma.
