3056 4976
741 471 880 532 ..4-

304 610 467 703 protiuus
484 607 648 700 intelligit
665 607 700 702 (η
722 605 799 704 ll).
815 607 938 699 Neque
954 628 999 677 ex
1015 607 1067 678 ira
1081 608 1332 701 Agamemno·

305 734 361 804 nis
391 732 427 829 (a
456 734 542 825 too)
569 743 631 803 aut
656 733 838 803 notissima
863 730 1126 825 Polydamantis
1151 735 1329 828 objurga-

305 860 403 932 tione
424 858 465 954 (p
486 856 551 929 23l
583 856 693 953 ets.)
717 879 802 927 vere
833 857 909 926 erui
935 867 1051 949 potest
1080 857 1329 932 divinantium

304 1005 378 1054 non
397 1004 475 1054 esse
492 982 682 1052 maximam
703 980 822 1049 tidem.
844 1020 891 1030 —
916 983 958 1050 lu
980 980 1126 1073 Odyssea
1147 994 1330 1057 terrarum

305 1107 404 1194 orbis
425 1127 557 1177 vacuus
583 1104 786 1176 hominibus
811 1126 852 1174 ac
880 1105 1057 1199 praeoipue
1076 1106 1194 1202 Ulyssi
1216 1111 1330 1198 relin-

305 1232 448 1325 quitur;
469 1242 597 1324 praeter
615 1230 815 1322 Neptunum
835 1228 1022 1321 Solemque
1039 1230 1157 1325 Ulyssi
1173 1234 1330 1307 infestos

306 1375 348 1426 ao
375 1356 569 1426 Minervam
597 1354 673 1446 ejus
698 1353 903 1439 fautricem,
934 1353 972 1423 di
1001 1375 1126 1425 omnes
1144 1355 1180 1424 iu
1198 1358 1330 1429 sedem

306 1481 484 1575 propriam
511 1501 550 1550 se
574 1478 799 1551 coutulerunt
829 1477 887 1547 ubi
915 1478 1010 1548 beati
1041 1490 1184 1551 cessant
1208 1493 1244 1552 et
1271 1484 1330 1555 vi-

306 1616 378 1677 tam
401 1616 511 1697 agunt
529 1612 649 1694 suam3
671 1604 765 1674 unde
781 1603 942 1692 vatibus,
963 1626 1007 1674 ne
1031 1605 1132 1696 signa
1157 1607 1330 1680 voluuta-

308 1731 353 1800 tis
372 1729 504 1800 divinae
522 1740 686 1822 pereant,
709 1750 798 1820 opus
823 1740 876 1798 est
899 1749 1004 1820 quam
1029 1728 1207 1822 plurimis.
1231 1731 1330 1825 Ergo

307 1867 426 1927 vatem
444 1876 524 1947 pars
539 1875 642 1923 suum
657 1875 834 1946 quemque
855 1852 984 1941 habet,
1014 1854 1161 1926 Liodem
1194 1858 1328 1949 petito-

307 2000 384 2068 res,
420 1977 655 2048 Halithersum
691 1988 727 2046 et
757 1975 1053 2069 Theoclymenum
1086 1977 1329 2054 Telemachus

307 2105 456 2196 ejusque
475 2101 679 2194 populares,
699 2100 877 2170 Telemum
900 2099 1068 2194 Cyclopes
1088 2103 1116 2194 (ι
1137 2103 1242 2200 508).
1274 2107 1330 2180 Ne

306 2228 384 2302 loca
403 2225 546 2318 quidem
567 2224 610 2294 iis
627 2233 746 2294 carent
766 2244 846 2315 quae
863 2223 955 2292 circa
979 2234 1039 2294 aut
1067 2225 1160 2296 infra
1192 2237 1328 2301 terram

304 2353 444 2443 jacent3
466 2348 598 2419 Tiresia
617 2349 773 2435 umbrae,
796 2367 892 2416 mare
910 2346 1036 2419 Proteo
1056 2351 1220 2443 superbit
1240 2376 1325 2427 suo.

306 2472 520 2545 Necessariis
540 2481 575 2541 et
590 2471 804 2564 quotidianis
824 2468 1009 2563 opificibus
1033 2472 1148 2544 divini
1176 2498 1328 2572 compa·

308 2607 430 2668 rantur
440 2593 471 2692 (p
489 2593 559 2664 384
571 2596 637 2687 s).
651 2592 850 2665 Artificiosa
871 2595 966 2665 enim
987 2596 1077 2666 lacta
1094 2608 1148 2667 est
1165 2601 1330 2676 maxime

308 2721 503 2810 divinati03
526 2742 587 2814 per
606 2741 646 2790 se
663 2742 756 2790 nunc
774 2720 872 2811 viget
895 2730 930 2790 et
953 2741 1115 2792 seorsum
1142 2744 1164 2793 a
1191 2728 1328 2800 ceteris

307 2843 393 2914 vitae
411 2840 700 2934 occupationibus
726 2840 865 2911 colitur.
889 2838 991 2922 Quod
1014 2863 1085 2914 uon
1110 2844 1144 2914 ei
1172 2846 1329 2922 feliciter

307 2966 399 3037 adeo
417 2966 523 3036 cedit.
548 2965 793 3058 Nequidquam
809 2965 901 3035 euim
920 2968 1154 3039 vaticinantes
1169 2992 1234 3042 ore
1250 2994 1327 3046 ma-

304 3092 383 3182 jore
403 3112 443 3162 ao
462 3111 546 3160 vere
564 3089 740 3160 interdum
763 3089 894 3181 tragico
911 3090 956 3182 (υ.
984 3091 1049 3160 35t
1077 3103 1112 3162 et
1130 3092 1183 3189 s.)
1200 3095 1324 3167 lutura

308 3189 558 3307 praenuntiant.
590 3213 856 3306 suspicionibus
892 3212 1071 3307 impediti,
1093 3220 1325 3291 contumeliis

309 3341 486 3430 mulctati,
517 3342 671 3434 denique
703 3342 826 3434 quales
866 3339 1015 3413 florente
1046 3364 1089 3415 ac
1121 3349 1325 3439 praesertim

309 3479 479 3559 vergente
497 3467 667 3558 tragoedia
685 3488 746 3538 eos
767 3467 990 3537 inveniemus
1001 3520 1012 3556 ‚
1037 3468 1204 3540 miseram
1226 3493 1328 3566 saepe

308 3591 416 3660 vitam
434 3602 556 3682 agunt,
578 3611 694 3682 neque
708 3591 841 3660 crimen
860 3589 946 3659 illud
963 3591 1124 3662 avaritiae
1143 3594 1327 3686 effugiunt
1408 3674 1415 3687 ‚

307 3735 379 3808 quo
398 3714 501 3786 toties
516 3736 633 3785 scaena
653 3723 776 3807 postea
796 3712 988 3785 resonabit.
1010 3753 1058 3769 -
1074 3714 1177 3789 Unde
1196 3720 1325 3795 admo·

308 3860 433 3910 nemur
452 3859 497 3909 ue
515 3838 551 3908 in
574 3860 612 3909 re
637 3860 708 3909 non
732 3838 877 3910 omnino
903 3836 1000 3929 alia,
1026 3837 1171 3912 diversa
1201 3852 1326 3917 tamen

308 3963 441 4034 diutius
479 3984 762 4053 commoremur3
792 3961 856 4035 sed
886 3961 933 4034 ad
969 3965 1180 4058 tragaediam
1206 3967 1326 4062 ipsam

308 4109 550 4184 properemus.
