3056 4976
632 502 672 516 ...
696 469 728 532 11
753 503 793 517 ..

206 608 277 704 foti
290 602 476 695 devinciri,
490 606 608 678 omnia
617 607 669 678 sic
683 607 906 678 currentibus
922 609 1080 682 fusurum
1098 612 1217 682 stami-

207 734 314 806 uibus
327 725 535 815 decerui,ut
547 741 698 815 actores,
711 753 820 824 quum
832 752 935 825 paene
945 732 1035 802 nihil
1046 744 1108 804 aut
1119 745 1218 806 certe

206 874 331 952 parum
346 856 437 928 iniis
457 857 562 927 situm
575 855 635 942 sit,
647 855 705 926 vel
715 856 951 926 maximorum
966 857 1141 929 scelerum
1157 858 1218 930 vix

207 987 361 1081 aliquam
382 1006 523 1079 poenam
544 985 675 1066 debere
694 984 884 1056 videantur
904 983 973 1082 (l).
989 983 1077 1070 Quae
1095 988 1225 1082 opinio

207 1126 244 1188 et
260 1115 479 1209 singularum
509 1114 761 1206 tragoediarum
782 1115 944 1207 pluribus
974 1114 1061 1187 loeis
1081 1125 1117 1188 et
1135 1116 1217 1187 uui·

206 1254 310 1313 versa
329 1251 550 1314 servatarum
565 1240 686 1311 indole
701 1262 772 1311 non
785 1260 880 1332 aegre
898 1240 1065 1333 redargui
1082 1250 1213 1334 potest.

204 1362 370 1440 Restituit
402 1366 546 1461 quidem
579 1367 692 1438 solida
719 1377 755 1437 et
781 1367 937 1437 dilucida
966 1367 1215 1441 dissertatione

205 1485 268 1583 (De
282 1491 489 1584 caliptooibus
500 1492 661 1562 Orestiom
673 1488 1217 1588 contineutibus)Naegelsbachius

204 1616 351 1687 liberam
369 1616 523 1689 hominis
540 1617 577 1687 iu
596 1617 735 1709 agendo
747 1618 967 1689 voluntatem
981 1614 1038 1715 (2)
1049 1617 1218 1711 illamque

205 1746 305 1818 velut
333 1756 413 1839 post
440 1747 583 1838 longum
613 1746 778 1818 exsilium
803 1747 900 1838 justo
933 1747 1150 1840 postliminio
1180 1748 1217 1818 in

204 1868 425 1965 AEsobyleam
447 1871 653 1963 tragoediam
674 1864 955 1962 redintegravit3
977 1894 1109 1943 numen
1130 1873 1214 1944 deo·

204 2016 282 2066 rum
302 2017 344 2066 ac
362 1996 621 2089 providentiam
637 1995 824 2067 certiorem
844 1996 879 2064 in
900 1996 943 2066 iis
961 1996 1147 2085 stabilivit,
1164 1998 1213 2066 fa·

202 2124 278 2192 t'um
297 2143 384 2193 vero
404 2122 515 2215 quod,
529 2121 690 2212 neglecto
708 2120 907 2193 Aristotelis
923 2122 1079 2209 silentio,
1094 2122 1131 2192 in
1148 2121 1217 2194 hoc

205 2268 317 2339 regno
334 2247 418 2319 olim
437 2247 611 2318 dominari
632 2246 860 2336 dictitabant,
884 2257 985 2318 extra
1005 2268 1158 2319 scaenam
1175 2268 1216 2319 ao

205 2377 361 2448 maxime
381 2389 482 2448 extra
499 2397 729 2470 personarum
751 2385 904 2446 mentem
931 2376 1120 2469 relegavit,
1139 2376 1217 2448 sive

203 2501 239 2571 in
261 2513 493 2595 campartem
517 2522 635 2572 rerum
663 2500 937 2571 adventitiarum
958 2500 1087 2594 quibus
1107 2500 1215 2574 homo

203 2649 275 2698 non
296 2627 469 2698 inservire
487 2627 622 2720 nequit,
640 2627 717 2697 sive
737 2626 773 2695 in
791 2626 925 2719 aliquot
937 2625 1102 2697 historias
1118 2626 1214 2697 unde

202 2751 388 2843 tragoedia,
405 2752 586 2844 paulisper
607 2749 679 2821 illic
699 2751 743 2820 ad
761 2751 906 2842 stirpem
927 2750 1026 2821 velut
1044 2751 1211 2838 enutrita,

202 2898 288 2950 mox
310 2877 454 2971 proprio
473 2877 694 2946 incremento
717 2874 838 2945 adulta
865 2875 902 2944 in
931 2876 1045 2946 solum
1067 2875 1213 2946 liberius

202 3023 390 3094 erumpere
418 3001 652 3094 purioresque
683 2999 848 3068 inauras
874 3019 1020 3090 surgere
1047 3020 1212 3093 propera·

201 3128 257 3198 vit
277 3124 535 3228 (synancem
555 3124 765 3196 sententiam
784 3122 945 3216 pluribus
965 3124 1136 3218 exemplis
1156 3146 1213 3195 ar·

240 3437 387 3519 tll4Patin,
407 3441 429 3491 t.
444 3435 468 3501 1,
485 3435 529 3492 at.
595 3431 783 3504 Quelquefois
793 3432 837 3487 les
851 3448 1049 3504 personnages
1059 3432 1213 3507 d’llschyle

199 3553 235 3593 se
248 3536 369 3592 luissent
382 3539 528 3608 emporter
543 3533 626 3589 ades
641 3538 721 3587 actes
735 3532 822 3586 d’une
842 3536 962 3587 cruente
977 3534 1127 3603 lorcenee,
1144 3550 1213 3589 sans

197 3634 285 3706 qu'ou
291 3637 383 3704 puisse
396 3635 456 3689 vot'r
472 3635 530 3688 bien
544 3635 705 3686 ctatrement
719 3629 781 3685 s’ils
797 3631 946 3686 obeissent
961 3634 977 3686 a
992 3633 1019 3686 la
1032 3633 1163 3686 violence
1177 3633 1213 3689 de

197 3749 239 3789 ou
253 3736 271 3788 a
283 3731 479 3805 l‘imperieuse
493 3731 609 3786 volonte
624 3729 662 3785 du
678 3729 783 3785 destio.
797 3728 872 3796 Quoi
884 3728 953 3802 qu‘il
968 3745 1004 3784 en
1019 3729 1085 3796 soit,
1100 3734 1160 3786 leur
1176 3734 1212 3787 11-

197 3824 273 3887 b’ertt
285 3833 391 3885 morule
404 3835 442 3884 est
453 3831 633 3884 anctoritate...

235 3931 275 4001 (2)
290 3927 405 3984 Confer.
422 3927 552 3999 Dinges,
569 3929 606 3983 Dc
622 3927 720 3981 divino
738 3941 853 3992 rerum,
870 3933 938 3991 eto,
954 3946 984 4000 p.
1000 3929 1027 3998 l,
1044 3928 1074 3993 9,
1093 3929 1144 3994 to,
1162 3928 1208 3995 16,

194 4033 271 4095 ext„
286 4034 317 4083 et
331 4025 510 4098 Bernhardy,
527 4033 547 4081 t.
564 4024 590 4095 3,
607 4043 636 4098 p.
649 4026 713 4082 248.

237 4126 273 4195 (3)
293 4125 376 4183 Idem
395 4131 496 4180 auctor
518 4123 625 4180 scitum
640 4121 844 4181 Bartholomaei
867 4125 960 4180 nostri
977 4123 1071 4196 (chop.
1093 4124 1137 4180 71.
1154 4122 1207 4180 Eld.
