3056 4976
653 521 792 582 ..7-

219 668 255 729 et
274 656 430 726 modestia
450 667 486 726 et
504 654 667 743 eudacic3
690 655 787 725 nulla
810 656 904 726 enirn
924 657 960 725 in
979 679 1023 728 eo
1049 670 1145 730 certe
1164 661 1232 733 luit

222 782 345 853 barum
364 781 534 850 uirtutum
553 780 646 850 inter
663 801 703 850 se
723 780 913 852 discordia.
937 780 1052 864 Quum
1075 786 1230 878 antiqui-

221 917 327 978 tatem
360 906 514 998 ingenue
551 915 613 976 aut
646 914 856 998 sequeretur
881 917 942 976 aut
971 909 1071 1000 sequi
1102 910 1228 1000 vellet,

221 1043 325 1126 poeta
343 1031 480 1102 nullum
498 1031 653 1125 prudens
666 1030 820 1102 excessit
831 1031 867 1101 in
883 1032 1054 1124 religione
1070 1036 1229 1138 modum,

220 1159 327 1230 etde
354 1158 409 1229 dis
430 1157 531 1250 plura
558 1177 639 1250 quae
663 1158 847 1228 temeraria
876 1171 1062 1251 putamus,
1092 1161 1232 1254 pietatis

219 1304 327 1354 causa
345 1304 453 1355 ausus
470 1292 538 1353 est.
561 1321 608 1334 -
623 1280 776 1351 Primum
798 1282 972 1374 quidquid
996 1284 1041 1354 de
1062 1285 1118 1355 dis
1138 1286 1234 1362 dicti.

221 1408 356 1494 tabant,
374 1429 438 1477 non
450 1405 566 1477 timide
581 1416 757 1476 scrutatus
771 1417 825 1477 est
840 1430 849 1494 ;
869 1409 951 1477 etsi
971 1408 1058 1500 quid
1075 1409 1231 1482 deterius

220 1541 434 1622 occurreret,
456 1531 513 1601 uel
533 1530 638 1601 altius
657 1530 861 1601 meditando
876 1514 1069 1624 explicare,
1092 1533 1150 1605 rel
1166 1534 1231 1604 ali·

221 1679 291 1750 qua
315 1678 421 1727 causa
446 1657 527 1727 licet
547 1676 727 1748 nunquam
748 1665 852 1726 antea
875 1677 1042 1749 expressa
1060 1679 1231 1730 excusare
1331 1652 1332 1655 '

221 1782 376 1871 sclebat3
409 1791 590 1875 suspectas
626 1780 671 1851 de
702 1781 756 1851 dis
792 1781 957 1853 historias
990 1782 1157 1875 carpebat
1189 1783 1230 1853 li·

221 1907 306 1978 bere
323 1905 393 2003 (l);
414 1907 546 1999 ubique
566 1917 685 1977 autem
704 1905 853 1998 agendas
871 1906 922 1977 rei
942 1907 999 1977 vel
1020 1907 1100 1977 rudi
1125 1916 1165 1977 ut
1184 1908 1231 1977 ita

210 2030 336 2108 ¹dicam
354 2032 437 2102 moli
456 2032 632 2124 spiritum,
645 2053 749 2123 quem
761 2053 808 2101 ex
824 2031 946 2100 intima
963 2031 1231 2103 mentehaurie-

219 2157 293 2242 bat,
313 2158 407 2227 intus
427 2158 600 2245 addebat,
619 2179 690 2249 quo
708 2157 824 2227 fabula
845 2157 930 2227 mire
944 2177 985 2227 ac
997 2178 1090 2229 nove
1107 2177 1230 2228 move·

219 2282 324 2350 batur
361 2278 453 2375 (2);
494 2282 552 2351 vel
591 2281 636 2350 ad
674 2281 860 2371 caliginem
901 2281 1230 2372 antiquissimorum

220 2413 417 2498 temporum
432 2417 466 2476 et
477 2406 623 2499 primam
635 2406 714 2478 coeli
732 2405 923 2476 novitatem
941 2404 1155 2498 respiciens,
1176 2426 1233 2475 ec-

220 2531 316 2622 quod
333 2532 392 2622 jus
417 2531 549 2623 gentile
574 2542 637 2601 aut
664 2530 769 2603 civile
787 2530 881 2624 apud
901 2530 986 2600 deos
1007 2529 1086 2599 illos
1108 2539 1231 2599 natura

220 2655 448 2726 constitutum
461 2666 521 2726 aut
532 2663 663 2727 euentu
675 2655 819 2725 maximi
830 2653 987 2725 omnium
1001 2653 1086 2723 belli
1101 2654 1231 2724 lactum

220 2790 327 2869 esset,
344 2780 431 2872 quid
453 2780 560 2850 etiarn
580 2780 722 2855 liscum
746 2778 900 2849 humano
918 2777 1055 2870 [genere
1081 2777 1231 2848 interce-

221 2903 334 2994 deret,
354 2925 516 2997 quaenam
537 2905 573 2974 in
593 2904 750 2976 moribus
770 2903 893 2995 regula
911 2912 947 2974 et
966 2902 1120 2996 optanda
1139 2916 1232 2973 esset

219 3037 256 3099 et
282 3027 397 3100 edicta
424 3029 569 3116 luisset,
597 3028 794 3099 admirabili
814 3028 948 3116 studio,
966 3027 1231 3099 admirabiliore

219 3152 324 3223 etiam
343 3153 489 3224 audacia
510 3154 725 3246 disputabat.
755 3153 828 3224 lmc
855 3174 986 3223 numen
1004 3151 1195 3246 praesensi
1218 3190 1231 3200 -

221 3304 380 3375 vensque
403 3282 525 3372 bonis,
549 3283 586 3352 in
604 3283 715 3354 malos
731 3282 907 3368 saevien5‚
930 3281 1012 3351 dum
1034 3281 1229 3374 quaerebat,

220 3406 257 3474 in
273 3427 315 3476 ea
334 3406 409 3500 ipsa
429 3428 509 3500 quaa
529 3407 672 3478 videtur
687 3408 827 3479 fortuna
845 3405 1052 3478 inveniebat
1073 3402 1147 3499 (3);
1167 3425 1232 3474 nec

258 3744 295 3814 (l)
311 3746 440 3813 liemon„
456 3745 504 3801 641
523 3751 552 3801 et
567 3762 593 3802 s.
609 3744 713 3801 lovem
729 3750 823 3801 tamen
841 3744 956 3802 attende
974 3759 1033 3801 non
1054 3742 1089 3800 ab
1104 3742 1231 3800 homini-

217 3845 277 3901 bus
293 3845 345 3900 sed
360 3862 377 3900 a
391 3847 497 3917 priscis
511 3846 621 3902 deabus
635 3846 728 3917 argui.

256 3941 294 4015 (2)
309 3941 385 3998 Vide
398 3942 525 4011 Dronke,
542 3946 562 4000 l.
579 3946 611 4016 l.,
628 3963 656 4018 p.
672 3945 717 4001 20.

256 4039 295 4110 (3)
312 4039 346 4095 Id
365 4041 489 4097 latentes
508 4042 577 4097 facit
595 4043 626 4097 in
648 4041 748 4099 Persis
770 4044 920 4108 nuntium,
944 4039 1012 4106 497;
1033 4041 1063 4096 in
1082 4038 1232 4110 Agaman-

215 4153 297 4196 none
311 4140 434 4208 eborum,
451 4140 520 4211 369,
537 4149 566 4197 et
579 4142 742 4219 AEpistlrum,
759 4141 839 4197 1577.
1040 4224 1045 4233 ⁴

1037 4233 1056 4294 2
