3056 4976
708 529 868 593 -20..

334 673 468 743 Tiresiae
501 671 565 742 vix
600 690 729 741 nomen
761 668 964 739 invenimus
997 667 1146 760 ejusque
1180 687 1293 759 ungu·
1360 737 1364 740 ,

285 802 417 874 riorum
442 802 614 872 rationem
653 796 759 893 (Sept.
788 794 867 892 at).
897 798 1093 891 Amphiarai
1112 797 1148 867 in
1168 798 1293 868 eadem

285 925 458 1017 tragoedia
493 924 633 995 indoles
660 921 901 1010 describitnr3
930 943 1034 1014 quem
1061 932 1100 991 nt
1123 932 1216 1010 arte,
1243 921 1294 993 sic

285 1051 477 1145 prudentia
515 1070 557 1120 ac
596 1047 839 1119 moderatione
868 1057 903 1117 et
933 1046 1041 1116 animi
1072 1056 1107 1147 et
1135 1047 1296 1117 incessus

286 1184 510 1269 praestantem
533 1171 611 1243 aliis
631 1169 796 1242 omnibus
817 1171 875 1241 vel
895 1170 1014 1241 hostes
1034 1171 1267 1242 admirantur.

334 1299 529 1372 Occurrunt
556 1297 699 1369 tandem
724 1296 823 1367 vetut
842 1297 1005 1397 egregius
1027 1296 1293 1368 vaticinantium

287 1424 551 1512 triumviratus,
573 1424 702 1513 Darius]
708 1475 718 1509 ,
735 1423 945 1493 Prometheus
967 1431 1002 1491 et
1022 1421 1206 1492 Cassandra
1234 1420 1295 1512 qui

287 1550 323 1620 in
341 1550 452 1642 prima
468 1546 525 1644 (i)
543 1557 605 1617 aut
625 1548 660 1616 in
685 1547 841 1618 secunda
858 1544 914 1642 (2)
930 1546 1048 1617 tabula
1070 1546 1178 1617 totius
1199 1545 1296 1616 trilo-

288 1677 356 1770 giae
371 1694 545 1746 summam
565 1672 691 1766 grandi
706 1673 867 1745 oratione
884 1671 1073 1766 explicant.

702 1921 878 1987 DARI‘US.

337 2162 401 2232 Hic
422 2160 562 2232 tandem
584 2170 751 2253 tanquam
777 2158 869 2230 veiis
888 2158 1002 2251 passis
1021 2158 1190 2252 navigare
1218 2181 1299 2253 pos-

291 2307 427 2358 sumus.

339 2409 534 2501 Tetraiogia
563 2409 665 2500 cujus
695 2410 837 2479 inerunt
863 2409 994 2496 Parum,
1022 2409 1164 2481 vatibus
1193 2430 1298 2501 quam

292 2557 373 2631 quae
400 2535 555 2606 maxime
582 2534 806 2629 abundabat,
828 2533 996 2626 quoniam
1021 2544 1121 2606 vates
1148 2556 1240 2605 nnus
1263 2535 1300 2606 in

292 2683 362 2732 una
388 2681 529 2754 quaque
553 2659 751 2730 fabularum
771 2658 1026 2748 inducebatur,
1047 2648 1209 2748 Phineus,
1228 2661 1301 2729 Dc·

291 2791 374 2874 rius,
393 2787 534 2856 Glaucus
547 2780 617 2880 (3),
635 2785 854 2854 Prometheus.
871 2784 908 2854 In
926 2782 1046 2873 Dario,
1062 2805 1166 2877 quem
1186 2784 1301 2855 solum

29 2935 58 2942 ἢ
165 2972 171 2977 .
292 2911 484 2999 habemns,
504 2908 716 2979 describitur
734 2909 915 3001 egregium
935 2909 1203 2980 vaticinantium
1223 2904 1301 2979 um'·

292 3036 435 3105 brarum
455 3032 650 3126 exemplar,
670 3043 706 3105 et
723 3044 760 3103 ut
780 3033 826 3104 ab
845 3033 978 3126 optimo
996 3043 1139 3137 auctore
1152 3031 1210 3130 (lt)
1220 3035 1304 3126 jure

294 3159 426 3229 dictum
446 3168 513 3247 est,
531 3167 582 3229 tot
601 3158 822 3229 inducturum
841 3157 999 3229 omnium
1018 3180 1103 3247 nna,
1120 3178 1305 3252 quaerere

208 3261 211 3268 ¹
294 3281 461 3375 loquatur
479 3293 515 3353 et
534 3282 712 3376 paulisper
730 3282 934 3354 reviviscat·

343 3406 526 3479 Persarum
538 3407 744 3499 tragoediam
754 3408 784 3479 si
793 3409 872 3502 quis
885 3407 985 3480 brevi
995 3406 1304 3481 definitioneccm·

333 3676 370 3750 (tt
384 3675 545 3733 Cassandra
558 3692 593 3733 ac
605 3675 809 3733 Prometheus.
826 3676 924 3749 Hujus
938 3676 1042 3733 tabulas
1058 3675 1095 3734 de
1104 3675 1180 3743 loco,
1197 3675 1236 3731 V.
1249 3676 1305 3732 Tb.

297 3771 336 3830 H.
351 3773 466 3832 Martin.
481 3773 594 3832 Ceteris
607 3766 736 3832 secunda
750 3774 865 3833 videtur
880 3795 887 3829 ε
903 3772 1088 3848 Bernhardy,
1102 3792 1132 3848 p.
1151 3773 1218 3846 276,
1234 3777 1308 3830 Arti-

298 3874 413 3942 mcdc.).
945 3872 949 3880 “
1166 3863 1169 3869 ’

338 3970 371 4039 (2)
389 3969 506 4028 Darius.

276 4122 279 4129 ,
335 4069 374 4139 (3)
389 4067 496 4126 Contra
509 4067 632 4126 Welker
644 4086 689 4142 cp.
705 4070 879 4141 Bernhardy,
894 4088 925 4147 p.
941 4069 1003 4128 287.

336 4166 375 4238 (t)
390 4167 490 4242 Patin,
504 4166 529 4234 Ι,
544 4167 608 4226 236.
