3094 4970
718 462 880 525 ..86-

291 608 348 679 vel
366 607 412 678 ad
428 603 589 678 difficiles
609 600 722 675 nodos
745 599 1007 695 expediendum
1027 601 1071 675 iis
1097 625 1187 700 opus
1206 617 1300 694 erat,

290 754 357 806 nec
379 731 487 828 paulo
505 731 617 824 magis
642 727 835 802 aestimavit
853 747 959 820 quam
976 728 1136 823 speciosa
1154 732 1303 826 poeticae

282 860 374 932 ,artis
394 856 603 954 crepundia.

335 984 549 1076 Rogabimur
565 979 672 1052 credo
691 998 838 1071 ecquem
857 974 1001 1049 finxerit
1025 977 1217 1073 aliquando
1235 993 1302 1053 aut

288 1107 553 1181 adumbraverit
570 1105 776 1177 accelricrcm
793 1102 900 1174 deum
919 1102 982 1174 Hic
999 1125 1087 1175 vero
1100 1106 1302 1178 cavendum

286 1255 333 1305 ne
363 1242 483 1305 contra
513 1230 563 1302 rei
592 1228 704 1325 ipsius
723 1237 885 1298 naturum
913 1225 1068 1322 implexa
1096 1227 1237 1301 solvere
1265 1241 1301 1302 et

281 1359 437 1432 obscura
471 1354 629 1450 pandere
654 1353 829 1442 velimus,
859 1373 951 1425 neve
977 1352 1082 1425 nimis
1106 1353 1227 1448 inique
1253 1357 1300 1427 de

285 1481 462 1577 Euripidis
491 1479 689 1573 aequalibus
712 1477 937 1570 judicemus,
964 1488 1026 1548 aut
1058 1498 1174 1550 acrem
1200 1478 1299 1551 illum

277 1604 544 1702 superstitionis
578 1603 822 1676 adversarium
861 1601 1030 1674 faciamus
1067 1625 1169 1698 paene
1204 1603 1298 1676 divi·

284 1731 403 1803 nando
436 1729 526 1800 ultra
559 1728 703 1799 humani
729 1727 862 1821 ingenii
891 1728 984 1800 vires
1014 1727 1119 1822 longe
1154 1750 1296 1824 proces·

283 1856 384 1928 sisse.
405 1855 505 1925 lllum
524 1852 681 1926 concedo
701 1873 793 1924 nova
817 1862 980 1948 tempora
1006 1855 1236 1948 praesensisse
1261 1867 1298 1926 et

282 1980 380 2053 aetati
399 2000 475 2052 suae
494 1987 613 2050 mente
633 1976 881 2073 praecurrisse;
903 1978 1020 2050 sedin
1040 1978 1202 2052 hocloco
1222 1981 1296 2075 pla-

277 2118 339 2177 cet
361 2105 574 2196 conjecturae
600 2102 677 2173 dari
703 2123 809 2196 quam
835 2102 1018 2174 minimum
1046 2102 1114 2199 (l).
1140 2104 1181 2176 Di
1201 2126 1298 2200 saepe

279 2236 473 2323 quicumque
485 2233 549 2298 siut
560 2228 605 2298 ab
619 2226 787 2321 Euripide
807 2228 1040 2318 invocantur3
1056 2229 1178 2319 Orest,
1202 2228 1271 2300 118
1286 2257 1294 2301 :

281 2358 404 2434 Θεοῖςὸ
424 2382 457 2422 τι
474 2352 624 2421 ποτέἰσὶν
644 2354 673 2420 οἱ
699 2352 773 2421 dcci.
799 2351 943 2442 Troad„
966 2352 1065 2444 885⁴:
1087 2359 1172 2434 ὅστις
1193 2351 1298 2425 ποτέἷ

280 2481 315 2547 σύ
412 2479 494 2555 Ζεύς.
530 2476 629 2545 Herc.
658 2478 743 2566 sttr„
772 2473 865 2548 l263
896 2503 904 2544 ι
932 2480 1001 2557 Ζεὺς
1028 2470 1146 2558 δ’ὅστις
1171 2486 1187 2548 ὁ
1211 2483 1292 2560 Ζεύς.

278 2600 415 2691 Bacch„
435 2599 506 2669 895
524 2625 533 2670 ι
552 2605 615 2670 ὅτι
632 2605 705 2670 ποτ’
727 2599 784 2696 ἄρα
798 2604 835 2670 τὸ
855 2595 1027 2698 δαιμόνιον.
1050 2602 1130 2696 Frg.
1151 2605 1294 2693 Melan„

278 2722 349 2797 ,483
369 2750 378 2795 z
398 2728 467 2805 Ζεὺς
486 2730 571 2805 ὅστις
588 2733 605 2795 ὁ
624 2729 706 2804 Ζεύς.
728 2724 808 2817 Frg.
830 2724 900 2796 itte.
924 2725 1018 2820 sab„
1041 2726 1133 2817 967,
1153 2726 1176 2801 2
1197 2753 1205 2798 :
1225 2732 1296 2809 Ζεὺς

276 2850 323 2920 cir
341 2844 437 2929 Αἴδης
458 2844 679 2944 ὀνομαζόμενος
697 2852 843 2944 στέργεις.
864 2849 934 2921 Sed
958 2851 1120 2923 eamdem
1145 2853 1293 2924 formam

277 2972 419 3045 dicendi
433 2972 528 3067 apud
547 2973 750 3067 AEschylum
764 2975 980 3049 invenimus.
992 2977 1129 3049 Numen
1144 2979 1295 3051 tortasse

267 3096 334 3168 dei
347 3097 465 3170 animo
480 3075 649 3190 gustavit,
666 3119 771 3191 quem
787 3099 855 3169 sibi
870 3097 1029 3194 fingebat
1044 3123 1171 3191 unum,
1184 3106 1290 3174 aeter-

269 3242 374 3310 num,
389 3220 575 3315 prudentia
587 3218 644 3320 (2)
656 3244 759 3317 aeque
770 3223 955 3314 acjustitia
966 3223 1022 3323 (3)
1037 3227 1288 3320 excellentem,

307 3559 344 3630 (1)
363 3557 448 3616 Garat
465 3561 587 3617 nimium
602 3564 783 3633 argumentis
796 3532 934 3635 preclara
948 3564 996 3621 ille
1007 3564 1212 3623 Walclreuaeri
1228 3568 1291 3640 opi·

268 3658 331 3716 niu.
348 3657 387 3713 V.
405 3658 545 3727 Distribe,
559 3678 589 3733 p.
608 3660 651 3718 36.
667 3687 703 3705 -·
716 3660 762 3717 De
775 3662 849 3719 locis
864 3663 971 3736 quibus
988 3671 1074 3737 poeta
1092 3664 1128 3720 ad
1142 3663 1290 3738 Orphicos

271 3753 391 3827 respicit
405 3755 471 3811 vide
486 3756 600 3826 Girurd,
616 3760 676 3816 llcc.
687 3757 897 3834 Deua-licum,
915 3761 949 3818 15
964 3777 1031 3818 nov.
1048 3760 1092 3833 78,
1106 3779 1135 3834 p.
1153 3762 1214 3819 402.

310 3853 344 3921 (1)
361 3851 619 3927 Wyttembachius
632 3855 780 3931 Euripidis
796 3865 898 3916 censet
911 3860 990 3917 hunc
999 3876 1117 3918 versum
1128 3860 1183 3934 frg.
1200 3877 1292 3920 anon.
1418 3896 1422 3901 ·

267 3961 361 4026 trag„
378 3973 425 4028 gr.
442 3956 504 4014 111.
519 3956 664 4031 Wagner,
679 3977 709 4032 p.
727 3961 778 4018 171
795 3971 839 4022 τῶ
857 3974 904 4024 Ζεῦ
924 3973 961 4033 τίς
981 3973 1046 4026 cluat
1065 3990 1123 4039 φησι
1138 3979 1185 4027 σοῦ
1201 3978 1290 4040 σοφώ-

271 4069 351 4120 τερος.
711 4060 718 4075 ’
1194 4076 1197 4080 “

307 4139 347 4212 (3)
365 4139 476 4211 Troiad..
492 4143 553 4211 888,
570 4154 635 4205 κατὰ
647 4153 716 4215 δίκην
731 4155 764 4207 τὰ
775 4156 917 4223 θνήτ’ᾱγιις.
